Date,Policy_Type,Year,Month,Premium_Rate,Total_Investment_Cover,Customer_Acquisition,Customer_Retention,Operational_Impact,Market_Share_Impact,Renewal_Rates,Sales
2010-01-31,Health Insurance,2010,1,3807.947176588889,832313.2137098518,178,0.5054488138556994,9.33744346057078,3.0779881471686976,0.6711022488849645,415210.9469899132
2010-01-31,Life Insurance,2010,1,9512.07163345817,965376.6415598475,919,0.930425629234766,1.1720448498678762,1.3022263394144344,0.4733586012166988,415633.5442631097
2010-01-31,Motor Vehicle Insurance,2010,1,7346.740023932911,133054.25125068927,428,0.8318787617565531,5.291591214860354,0.38288758020307434,0.5052157748918789,356147.4668030712
2010-01-31,Home Insurance,2010,1,6026.718993550662,733558.8004516078,294,0.6589631338259289,7.189498381875046,2.0160610587242536,0.4106684891400333,57173.681811248825
2010-02-28,Health Insurance,2010,2,1644.5845403801216,938957.0522528274,852,0.6334410115794449,7.5043626192840565,1.2475965175390376,0.7757262425624817,420232.6616425141
2010-02-28,Life Insurance,2010,2,1644.345751328406,189420.73550400356,151,0.6573664533856323,7.232791883833972,1.1758142238260296,0.8386107682218482,337151.42536379036
2010-02-28,Motor Vehicle Insurance,2010,2,675.0277604651747,75831.30469310972,384,0.8485940890315318,2.2099161646730967,4.803327733295931,0.4609567915576109,350026.96217212826
2010-02-28,Home Insurance,2010,2,8675.143843171858,743709.4427971585,638,0.7976167749816865,3.694560295345131,3.119872381036048,0.5041638461943841,184676.50599991647
2010-03-31,Health Insurance,2010,3,6051.038616257767,578728.3820481128,813,0.5833380055403605,4.228439728753122,2.82870437154327,0.7907842857761203,440243.38029771834
2010-03-31,Life Insurance,2010,3,7109.9185201808505,843410.4889906893,308,0.5783492009003379,8.239934869115544,2.1372980072642775,0.8169087090802831,364058.9421162545
2010-03-31,Motor Vehicle Insurance,2010,3,303.7864935284442,148374.6528600266,336,0.5442780423710288,3.508838851730977,2.201827233807707,0.5888323222630647,60732.28093195126
2010-03-31,Home Insurance,2010,3,9702.107536403744,797314.6387412912,946,0.7971362238656021,2.8963446748048285,2.750434518806596,0.4227801125210834,206850.12703105054
2010-04-30,Health Insurance,2010,4,8341.182143924176,209611.04684726708,746,0.8439676979997812,9.617032171342865,3.5125060544769258,0.4177263251617688,443758.27917027014
2010-04-30,Life Insurance,2010,4,2202.157195714934,172019.38343704745,892,0.6192708927462518,1.07976956602122,3.540515871290965,0.6582774397310547,28362.367340202603
2010-04-30,Motor Vehicle Insurance,2010,4,1900.067175350296,172623.139951683,375,0.5094252324639108,9.980387701137804,0.9413001477567029,0.5768027990019305,480901.2267228145
2010-04-30,Home Insurance,2010,4,1915.704647548995,816428.9730290683,8,0.5369772503643923,7.091391689716561,2.5505524851754724,0.41289359240994455,341185.4713181836
2010-05-31,Health Insurance,2010,5,3111.9982052994233,668545.2484892381,341,0.9355370156802636,8.456223695042054,2.1185946656671,0.6624635765406506,317531.10893347143
2010-05-31,Life Insurance,2010,5,5295.0886731591545,527834.7705214282,129,0.6329501498648391,3.6515745671157385,4.365582134719983,0.4050861414650601,138926.83196155573
2010-05-31,Motor Vehicle Insurance,2010,5,4376.255684556946,365242.17928226746,776,0.84615041652716,1.1288374990035397,3.1939527139700448,0.7543173811671728,128151.93542589265
2010-05-31,Home Insurance,2010,5,2983.168487960615,878428.5354049772,669,0.7810986059844187,7.64082566705377,2.7092699254383112,0.5378947702165172,471318.8186468548
2010-06-30,Health Insurance,2010,6,6157.343657751557,398520.656348409,352,0.6718728378438031,8.507301373006083,0.6654337466766952,0.41811610135415445,152644.86484589076
2010-06-30,Life Insurance,2010,6,1480.989220455214,818433.4450768613,358,0.5925592679879998,7.664285187581672,3.0676256576847165,0.6647584994424189,388875.1218759047
2010-06-30,Motor Vehicle Insurance,2010,6,2992.23202049866,444743.5594845162,517,0.5546238881717329,2.285652585707547,0.6742991378331438,0.5789579864948746,199595.29011250418
2010-06-30,Home Insurance,2010,6,3726.9822486075477,383174.9851306585,495,0.77675583561749,7.7808513003127215,1.7523122202721853,0.8382101860107173,73930.76503842846
2010-07-31,Health Insurance,2010,7,4615.0928437486555,468052.98781291035,86,0.8485852012870045,7.920305038968769,0.7999256275902262,0.644889398126666,10304.07235920268
2010-07-31,Life Insurance,2010,7,7873.242017790834,308364.0954225007,175,0.7897569140935088,6.926864641030494,3.491160870419408,0.5238576314666538,274407.38182254916
2010-07-31,Motor Vehicle Insurance,2010,7,2076.7704433677613,750133.2863744886,802,0.7386359599621213,7.895043395160275,1.110635357797148,0.7192474890852887,488010.51518172165
2010-07-31,Home Insurance,2010,7,5190.9209402947545,507693.18619155436,193,0.5188780505442363,8.613292957099588,2.0201109286213277,0.5221714011442201,187722.41593555623
2010-08-31,Health Insurance,2010,8,5964.90423173422,239890.56819534913,311,0.9358199499174726,6.522437028137126,4.488806410332016,0.8069094811334043,181810.2053265572
2010-08-31,Life Insurance,2010,8,559.8590859279775,900578.8275418228,119,0.8594213862445585,1.7974424257271115,1.1011502786549545,0.5686248867283195,175325.35083547383
2010-08-31,Motor Vehicle Insurance,2010,8,6114.69403382424,390052.3091594793,218,0.6317699165154341,5.388650287004898,2.588244813398018,0.6474408532492923,262669.1994659049
2010-08-31,Home Insurance,2010,8,1788.1888245041862,548117.3325028487,427,0.9409866482114828,1.6988440120444457,2.154431139713508,0.422757896720903,223129.1172950253
2010-09-30,Health Insurance,2010,9,744.0107705542672,907407.3898549015,970,0.770846715336345,4.667887279291877,0.1888078011240757,0.5917545570785039,440557.7402298722
2010-09-30,Life Insurance,2010,9,9493.966818808,627995.6159548522,414,0.7620901961932609,4.663958402130649,3.984514756506783,0.7745635928474477,255232.79190312768
2010-09-30,Motor Vehicle Insurance,2010,9,9659.757127438137,125729.06030128043,114,0.8366329307432894,1.5940885972621741,0.43832494094153873,0.7625419624135039,256340.12990334156
2010-09-30,Home Insurance,2010,9,8103.133746352965,940433.8023773404,978,0.8652964046405618,4.139384805725314,2.423849602787073,0.5009433514840869,73493.93938667551
2010-10-31,Health Insurance,2010,10,3115.67631481637,631430.9725407037,145,0.7954153732991762,1.9989828891218335,2.847323645200855,0.5017355819547532,491456.07275064103
2010-10-31,Life Insurance,2010,10,1066.9539286632003,341556.55851051526,538,0.5576430858647901,8.274116890083,3.1792896374114767,0.7677873904959565,128736.58098007069
2010-10-31,Motor Vehicle Insurance,2010,10,6873.906962470353,147879.35193675337,648,0.6522203776975243,9.529192233680236,3.4742949836085906,0.8186792890761965,41315.21339250332
2010-10-31,Home Insurance,2010,10,4457.509688022053,796084.937377593,303,0.9176376381467224,1.6508482773214475,1.3410346792613042,0.44291241457285163,333257.3932427284
2010-11-30,Health Insurance,2010,11,1308.1785249633103,623872.0283692284,744,0.6010770253297334,9.596036865625313,0.14889600562640193,0.6025263877418013,299706.35322765197
2010-11-30,Life Insurance,2010,11,5002.251410101575,538126.4810565583,881,0.667475160726881,5.703189394030707,3.644873945539069,0.5518544255339031,210497.09872640914
2010-11-30,Motor Vehicle Insurance,2010,11,440.4463590406621,894953.657220448,588,0.6944345973248882,3.696091101584865,2.724717336803135,0.7918098049558477,213985.15577093564
2010-11-30,Home Insurance,2010,11,9102.271980579942,790711.2391122854,987,0.6977322453625034,1.6917586774854716,4.196976745715519,0.43758621160600847,393606.64091798343
2010-12-31,Health Insurance,2010,12,2661.9218178401675,160158.13093542366,840,0.7758228121225365,5.50561841263376,4.124802978213402,0.4950066741511169,101877.75684932628
2010-12-31,Life Insurance,2010,12,6658.970615104421,318604.84711759276,345,0.9243841269851184,8.150639900416738,4.232298222160628,0.7386107519139224,411025.3928777204
2010-12-31,Motor Vehicle Insurance,2010,12,3185.9396532851683,256004.2484163211,814,0.6083117203246272,7.363778295400284,2.476963833899747,0.42308223204154705,326129.821378034
2010-12-31,Home Insurance,2010,12,5248.673409660327,746506.8296469502,964,0.5546756193354131,1.4520341031757638,1.734779139600642,0.6216409213214302,212390.03802086457
2011-01-31,Health Insurance,2011,1,5512.431765498469,43197.110388421585,801,0.5888617204369718,1.6561165183111317,3.9786351926977135,0.5989481656058739,231724.16520901496
2011-01-31,Life Insurance,2011,1,1930.0591097027177,574190.7880226034,1,0.8991162050941712,4.625859543693734,2.3113411538433493,0.550480530544937,132040.36755711742
2011-01-31,Motor Vehicle Insurance,2011,1,9698.88781486913,764834.0988832837,147,0.7906148656948426,3.6576144464314897,0.9988667623768291,0.5775575418935157,377296.5946850025
2011-01-31,Home Insurance,2011,1,7773.814951275034,877997.980394132,287,0.6286580551576221,3.0914589075044305,4.289372695851224,0.6384732641186048,258872.99744110752
2011-02-28,Health Insurance,2011,2,9401.039521485473,348660.9312287484,976,0.8671761225358777,3.5290404901784225,4.424543396184502,0.4726153112747724,163822.99866117258
2011-02-28,Life Insurance,2011,2,8958.790769233723,823044.7316252927,654,0.8876164983635462,8.23134468967196,2.384917805086834,0.6573981452276167,300044.8073016704
2011-02-28,Motor Vehicle Insurance,2011,2,6019.209790229743,119525.41958565515,53,0.8809314524106251,9.363052482686685,0.4709286638179586,0.7624445481849939,497888.5537654049
2011-02-28,Home Insurance,2011,2,9226.554926728857,847987.768817173,304,0.9135169401377994,4.645924250748098,2.0003478405929633,0.7420724184055716,220454.82842999414
2011-03-31,Health Insurance,2011,3,976.075770314003,136213.77570866258,69,0.6135084590780127,9.154999019192473,4.037334531366756,0.46925495711219817,460742.2433854167
2011-03-31,Life Insurance,2011,3,2040.2303379495374,403314.4176547636,361,0.8397688679358252,3.8934613112309377,4.518692739876521,0.4671622613836633,175783.33576266022
2011-03-31,Motor Vehicle Insurance,2011,3,547.7501602143268,799322.4121217581,602,0.707242773773363,5.287932877094125,1.0970164382382197,0.520678465485211,32092.689927868014
2011-03-31,Home Insurance,2011,3,3320.770274556317,158418.25307528605,958,0.8788993488005277,3.0342609803439977,0.42817069892383053,0.5624836268534668,106099.84265237229
2011-04-30,Health Insurance,2011,4,3947.905167925872,236958.88128031508,220,0.8278208047227259,6.7642843795825955,4.39901722035091,0.5838050116338172,212254.0959472037
2011-04-30,Life Insurance,2011,4,2786.3554145615694,725030.0427091356,962,0.8494013509248761,9.81083003657328,2.008084200996489,0.7058637475750054,113719.28965431167
2011-04-30,Motor Vehicle Insurance,2011,4,8304.5013406041,722836.1711806136,704,0.7952728269564822,6.431437864390408,2.7546287249110604,0.42550619447462595,5112.383918036491
2011-04-30,Home Insurance,2011,4,3631.857934266534,644736.1565564444,966,0.5798429462613681,4.22032675702194,4.843522479048719,0.4156027169017299,457925.761185026
2011-05-31,Health Insurance,2011,5,2881.2516459050694,697008.960022429,575,0.7452621135036223,6.830357013914755,0.426167166779692,0.5763597533247591,422720.30855930987
2011-05-31,Life Insurance,2011,5,5472.69122326666,547297.1989141202,585,0.9431013827860286,2.106286106188488,3.2767582365152688,0.7137236614620912,372434.65458603884
2011-05-31,Motor Vehicle Insurance,2011,5,1495.14982725015,259281.06831788324,161,0.9218246299237034,8.997931722388588,0.46311657061684874,0.48704590433041717,88068.22484478417
2011-05-31,Home Insurance,2011,5,8041.750109464992,352239.03356888023,681,0.5194281811086553,5.527755557018527,1.939797749485852,0.6886770165653133,64579.9702239431
2011-06-30,Health Insurance,2011,6,838.0513724297311,189781.7396334114,89,0.5741666670782467,5.0441476783567785,4.038691271447889,0.5169226620731348,38464.35098882966
2011-06-30,Life Insurance,2011,6,9870.180672345121,909366.055720292,688,0.5592779480545529,6.272783096081673,2.224013940502609,0.7987387489660823,363394.448442596
2011-06-30,Motor Vehicle Insurance,2011,6,7745.2232160369085,587557.8768184592,781,0.8266909594933829,6.623054765104622,4.986193534124457,0.8030604749199775,464759.94054050324
2011-06-30,Home Insurance,2011,6,2067.285247188307,406842.9025960035,585,0.8680033984356252,1.6459822560386173,2.839390496238351,0.533779241926597,218115.23135195332
2011-07-31,Health Insurance,2011,7,154.66895952366374,467385.74560769135,757,0.5960801148398024,7.143554991010622,1.6736945479161722,0.5034971892834582,63974.63263804384
2011-07-31,Life Insurance,2011,7,8173.068141702858,947810.5062156972,589,0.727633711828323,3.177385122839766,1.1785454969332905,0.585086787429804,258634.44626239274
2011-07-31,Motor Vehicle Insurance,2011,7,7097.887704091409,161817.88908491938,159,0.87831636260504,7.4255736925593085,1.8175506180021932,0.5082392133310669,177671.79419202192
2011-07-31,Home Insurance,2011,7,7317.170963605774,590367.5336966292,489,0.8297606951448127,8.40281314945777,1.9254130414217991,0.7025727294812667,190538.33755324886
2011-08-31,Health Insurance,2011,8,7735.576432190863,510829.79209562135,971,0.7440067424713317,8.235626567972684,0.4366970208474088,0.7717291080467285,312558.6589570751
2011-08-31,Life Insurance,2011,8,833.0420521674946,615339.6930803014,324,0.7656564607064478,5.972508706671002,1.9109135771911887,0.7028914589100477,360765.46606479015
2011-08-31,Motor Vehicle Insurance,2011,8,3648.810712588299,27929.081982632102,610,0.728762246112326,5.68152903079676,2.3747687467222023,0.7709577012622073,59748.78144221462
2011-08-31,Home Insurance,2011,8,1247.1036892987843,873402.66985471,381,0.6338968030934693,2.2858836520547055,3.641414985970143,0.5786464729933634,22617.164249205813
2011-09-30,Health Insurance,2011,9,8644.723916168376,932797.0996587763,102,0.7542598967865572,7.978115353628221,3.3179744751358795,0.4703426368189874,497193.49982942885
2011-09-30,Life Insurance,2011,9,6270.651455592823,569481.8517533168,494,0.8099983859225408,3.4426844240204293,3.5729517106228563,0.7320779263289164,120200.53271319816
2011-09-30,Motor Vehicle Insurance,2011,9,3375.890446041227,699684.3156381233,644,0.8929953121373635,5.470258805361519,0.1409820411965998,0.5622135273136992,31646.109829687244
2011-09-30,Home Insurance,2011,9,729.227667831634,923274.3873655227,614,0.7863311092906615,3.5584668363476504,1.1665702579446269,0.7020718713531096,98988.28790248038
2011-10-31,Health Insurance,2011,10,3178.724984985056,710166.2479702646,19,0.842504691669421,2.2044552669972384,3.342253013159297,0.5217897738917946,24284.13394248979
2011-10-31,Life Insurance,2011,10,3319.314888064796,161013.65248511874,454,0.5720322357295579,6.666019272025629,2.471547904080761,0.4365533356630027,198946.39283549998
2011-10-31,Motor Vehicle Insurance,2011,10,7323.101165546835,580525.4765651451,482,0.7077008634889055,1.4889883134061344,0.12603603077489514,0.8466618079694934,402188.8833034055
2011-10-31,Home Insurance,2011,10,6411.81896641661,610647.8959190274,594,0.5041992289221919,7.7378071071358,4.0420237479159296,0.4702906785687697,173916.0026300717
2011-11-30,Health Insurance,2011,11,8883.406151505633,429889.3645893622,397,0.6110054890347303,3.85828115735005,3.8867669091226538,0.8447894472835664,224870.78640479143
2011-11-30,Life Insurance,2011,11,4774.927759103298,739079.7932684756,279,0.8269077718008522,1.001212237040368,2.787253898668457,0.8397759696549012,339415.4529158822
2011-11-30,Motor Vehicle Insurance,2011,11,1283.9830347891868,935023.3446213247,851,0.9463144781072135,5.6001622531350685,0.42567029630373343,0.7572181467586179,256902.5646845907
2011-11-30,Home Insurance,2011,11,7161.123393507651,926312.8277777085,365,0.5446301448142472,1.4216671767484281,3.855923742709665,0.6967403329368989,431415.61458055547
2011-12-31,Health Insurance,2011,12,7631.7719813072845,456330.9776900908,331,0.6806724421375797,3.4855260203880953,2.9601965798836836,0.6600131726129881,433687.6591476495
2011-12-31,Life Insurance,2011,12,5656.644255938013,122105.6653823477,641,0.8600319359146218,7.362788387101445,3.9316038880740005,0.7897456954200256,9905.794268121053
2011-12-31,Motor Vehicle Insurance,2011,12,7732.575081550154,984992.7869727112,344,0.5918160355830044,1.5642065945967927,3.7835602627396185,0.5302477847287695,390132.9217091836
2011-12-31,Home Insurance,2011,12,4988.576404007468,840509.1055814747,822,0.7497882271860288,8.554046431204021,4.034710152593402,0.6104565456181947,233063.13211962857
2012-01-31,Health Insurance,2012,1,5275.0550108817415,133416.05439123418,455,0.8298820832133535,1.034379303927248,2.638239525382662,0.6787254862149259,494476.06794531323
2012-01-31,Life Insurance,2012,1,4332.656081749641,921633.4637911986,601,0.7771934526170805,3.2214148228171204,0.7875901391482235,0.585035714141271,244199.8775583404
2012-01-31,Motor Vehicle Insurance,2012,1,351.6493547665424,871197.398441507,725,0.5846111305769373,7.668136505368643,3.388671619560475,0.5923689043406206,493513.4929672073
2012-01-31,Home Insurance,2012,1,1168.125127233714,523649.6765548114,655,0.6599230559085827,3.846431347563761,3.1403215467546564,0.548628100375938,378511.83379683964
2012-02-29,Health Insurance,2012,2,411.14893829866907,595362.68138748,65,0.8527063030184288,1.9170314925941216,3.7370406172755275,0.6539043175080412,128059.41788358663
2012-02-29,Life Insurance,2012,2,6400.463071511426,405012.67683142895,76,0.7494019313594075,4.242105269203851,0.932416929648603,0.7827585376068023,271505.5147470441
2012-02-29,Motor Vehicle Insurance,2012,2,3212.124212655634,64214.02243381102,711,0.5023533260943107,3.4335395774607296,1.0553784795114174,0.4906877701028408,496107.1415418985
2012-02-29,Home Insurance,2012,2,5134.849842530557,341845.26922944194,143,0.8424458420126422,8.584407119444993,4.463006634374709,0.8204948674390486,429477.6508372022
2012-03-31,Health Insurance,2012,3,9084.908091868321,804824.9141120313,917,0.5158901097231076,3.8201312582662883,3.7748912124151475,0.7100894441867034,53196.61242665444
2012-03-31,Life Insurance,2012,3,2567.993068573862,14585.70277455683,915,0.8355802022290544,8.100392245984064,4.550319594631582,0.7704729457060135,354654.13842094806
2012-03-31,Motor Vehicle Insurance,2012,3,4162.790938052734,340164.17997423274,828,0.5911162520743568,9.026849303296613,3.8177050737032117,0.6502858116835053,176061.89500605245
2012-03-31,Home Insurance,2012,3,7579.956271576182,404187.00665503385,605,0.931133066053721,4.904356776188766,3.0260609993524796,0.7507825156408285,8456.219630772317
2012-04-30,Health Insurance,2012,4,2365.1018383670626,542021.6469085437,473,0.665573338085938,9.189488294689529,3.3052504114365813,0.40729017880276025,204723.0796683648
2012-04-30,Life Insurance,2012,4,862.1011073050506,920657.0602486329,417,0.6471192273521356,4.395862485668736,4.456726827306048,0.7682711911507909,121203.43875386078
2012-04-30,Motor Vehicle Insurance,2012,4,2968.5393838463033,352882.5344223016,305,0.5669996226496001,9.676705748410974,2.936153097108509,0.41806248658841494,410340.2889076334
2012-04-30,Home Insurance,2012,4,1696.0907438146437,353483.6698772654,736,0.6375218969705967,1.8036057207301563,3.198717489209099,0.8004610193632882,171978.6513786539
2012-05-31,Health Insurance,2012,5,9304.006758191474,740126.2356286509,497,0.8944928428226901,7.183173398529185,0.8667359084176429,0.8463832362573895,414624.2285071394
2012-05-31,Life Insurance,2012,5,8100.3917576877275,457695.7614809091,291,0.9483504519322612,5.444326364112358,2.4222139785689034,0.53233035797955,5295.979723223678
2012-05-31,Motor Vehicle Insurance,2012,5,6370.697189453193,232358.77471058213,940,0.6657392887280817,4.488839249100824,3.6103458485946853,0.4946433503286072,157370.47926292897
2012-05-31,Home Insurance,2012,5,8727.459842858405,457915.1209713665,102,0.7018747839295442,6.694406908737408,1.4276192217501906,0.7444135137361183,124376.78108234216
2012-06-30,Health Insurance,2012,6,8056.353561301233,149448.45017600185,986,0.8249319221912317,7.334713824708981,1.0910454845702213,0.513861853414114,120615.84372896244
2012-06-30,Life Insurance,2012,6,1947.0435829717549,184623.1166411611,267,0.8987881012092835,1.0392694268527818,1.6377513602996365,0.7895030724274916,38752.37678390404
2012-06-30,Motor Vehicle Insurance,2012,6,8936.33408505078,503384.09501208493,867,0.7668699503840528,2.5025777987247886,1.283353077164884,0.4462791664708645,97626.51385319835
2012-06-30,Home Insurance,2012,6,5439.4881949649425,424736.1950095024,968,0.6761865641800232,7.417414455708868,1.1530719214783398,0.45667983837071124,279997.03709338186
2012-07-31,Health Insurance,2012,7,8093.657536124219,915697.442057419,622,0.6856798283818807,6.997468722203858,2.181769130053626,0.840618199795277,149223.7310546835
2012-07-31,Life Insurance,2012,7,8971.303869242583,368769.9601254668,974,0.8130281659235631,9.694427546158096,4.548408718029317,0.7032275042215022,211610.41725292822
2012-07-31,Motor Vehicle Insurance,2012,7,3248.2344022214525,584782.466775263,842,0.5014482186219255,7.849340112257047,2.58459226901972,0.7810992509930288,191549.1057718583
2012-07-31,Home Insurance,2012,7,1189.514052824,635941.645040335,962,0.7788152018569283,9.556954369582042,1.020809865995083,0.5459482198081831,438572.9378749478
2012-08-31,Health Insurance,2012,8,2356.5581091652225,22963.512022450297,942,0.6599718546986109,7.322864513813263,0.47716117996628304,0.704417687284272,453123.0045102052
2012-08-31,Life Insurance,2012,8,4328.367107399938,666901.9982965435,777,0.8573887990746879,3.6824698777549885,3.511165111175834,0.6674088222888688,249013.70096965073
2012-08-31,Motor Vehicle Insurance,2012,8,8198.346182632682,186255.6072010539,3,0.5418457879204095,1.9482843002577082,1.9757139457383006,0.6714175540553262,168427.19540622417
2012-08-31,Home Insurance,2012,8,8621.2327742378,961459.6142947606,85,0.7646910201267757,8.03641477010442,4.126971638268261,0.7071396067919746,57866.34848117
2012-09-30,Health Insurance,2012,9,168.82609225878798,157176.10047558183,794,0.7164378004487557,6.797342993283243,3.331602766339774,0.6589116279080944,476934.42529413704
2012-09-30,Life Insurance,2012,9,5156.398295517901,420477.8824897535,328,0.7890464866573523,1.433674111539666,4.0015831076527055,0.5930780661861996,34812.33772564724
2012-09-30,Motor Vehicle Insurance,2012,9,4232.368931172912,94496.17139785743,816,0.5291841175173357,4.240454193108805,1.4325355931503991,0.5241652124712461,152336.88739629881
2012-09-30,Home Insurance,2012,9,2298.8673236602294,996905.5093274879,450,0.760992704342659,9.611198339358575,3.492558720059185,0.745861598910941,152542.76957915205
2012-10-31,Health Insurance,2012,10,1286.6671366034598,507173.06022793014,454,0.7526680645817856,5.503610311391811,1.393903724999222,0.5018225935014338,163598.63663940638
2012-10-31,Life Insurance,2012,10,3442.3901968959167,599431.1671468434,924,0.7522970424872769,4.894562224177342,4.701435549306429,0.7115594377694864,86321.9874198426
2012-10-31,Motor Vehicle Insurance,2012,10,9434.80606873394,76405.71261454321,629,0.7715694499684047,5.119296446433646,3.218233979513535,0.504999770192197,392664.9083072301
2012-10-31,Home Insurance,2012,10,3299.709027005477,752460.865695186,221,0.804410571751863,2.8799445160464736,1.6901078208591764,0.6813985764795043,65636.44167316466
2012-11-30,Health Insurance,2012,11,5236.027155259324,217806.5371646299,154,0.8622450498563463,4.318364537783157,1.420608125232136,0.736185220208063,319278.79628081556
2012-11-30,Life Insurance,2012,11,7059.887693062261,899073.7465463066,665,0.6214193240576964,4.328319303884589,1.0355402668510534,0.4984212500079427,66303.78321937963
2012-11-30,Motor Vehicle Insurance,2012,11,3699.9330635550104,213088.2440771871,12,0.8712722345810279,1.4711951816872517,3.5037406985792665,0.42697448538758875,39915.140608513495
2012-11-30,Home Insurance,2012,11,9720.64261893751,198780.8434570299,133,0.7242150570185542,7.908108656661264,1.171706503689844,0.4589381843473784,455167.60432450887
2012-12-31,Health Insurance,2012,12,9628.228219926901,46184.17116961393,994,0.534676225610449,4.7485398871349105,3.0169860030446967,0.6726986352719615,99113.73932775931
2012-12-31,Life Insurance,2012,12,2592.644728671105,477346.2756588993,304,0.5263479181597907,8.39961898134781,1.3967116319342512,0.782250882801581,411518.8265070536
2012-12-31,Motor Vehicle Insurance,2012,12,5022.7602083346155,569192.7219299902,293,0.6504072434132273,8.653132010079059,3.3436478294899565,0.420248569555941,274592.2811980322
2012-12-31,Home Insurance,2012,12,3078.6952671860195,75051.55303406884,975,0.8532036397001603,2.9079464922879223,4.093204669848642,0.7303680665687409,43538.977206340955
2013-01-31,Health Insurance,2013,1,2919.9208943369295,777772.3405280604,300,0.8184564206334121,6.916181339531157,3.9123236914088007,0.5535933906775234,477946.8547618434
2013-01-31,Life Insurance,2013,1,465.18077880987465,458755.94640054734,740,0.8548767341025829,5.250536237466836,3.8281715215608307,0.6153377664637851,127245.7776609868
2013-01-31,Motor Vehicle Insurance,2013,1,6134.686906400979,529146.3666343042,783,0.7327710753987242,8.921410641293367,1.0198397878920353,0.8179867974305045,430524.44594954024
2013-01-31,Home Insurance,2013,1,5076.522329965729,446355.11946884583,43,0.6980895490799708,2.941666112588087,0.5330862402241417,0.5493871771311305,88560.95286335927
2013-02-28,Health Insurance,2013,2,609.6396373748946,406755.43026657274,944,0.5663536370178278,7.100318802790398,3.5248492595881897,0.6094016202727688,427701.72666021716
2013-02-28,Life Insurance,2013,2,2858.599995942453,564043.9279951357,343,0.6476867391241902,6.469769100274503,1.9049013475923215,0.40615708664230654,11548.262388120522
2013-02-28,Motor Vehicle Insurance,2013,2,9091.832271069872,163687.8434714054,326,0.6953087147782439,3.6577132981464953,2.218496509376402,0.4367194240021773,258331.32600189294
2013-02-28,Home Insurance,2013,2,2471.662717603027,190108.8491903184,814,0.5398701933558278,2.2294081328605535,0.2526305546876162,0.5163662160106528,385874.07681367063
2013-03-31,Health Insurance,2013,3,1534.4592337031086,863167.7648033821,498,0.5992753787200451,6.8647578442954895,1.3719246014477413,0.4125335083694835,467723.78115892777
2013-03-31,Life Insurance,2013,3,4945.582326747874,946654.3075122964,364,0.7692013823286825,7.647377123190976,0.26501437898487373,0.6841188967217129,455055.0574222111
2013-03-31,Motor Vehicle Insurance,2013,3,9857.939495694947,379576.2231169554,891,0.8310484014076354,3.84064609387015,4.408010285746113,0.5918792605607301,410714.3104260842
2013-03-31,Home Insurance,2013,3,2496.347187963854,278037.22641211824,427,0.9492563801268272,6.803493436200824,1.2926437477707995,0.6466653412276099,444654.7180823455
2013-04-30,Health Insurance,2013,4,6754.141919318197,647559.5478066256,21,0.919900999104601,4.556178168503529,2.8309521309077397,0.4785912336533483,103613.74448935287
2013-04-30,Life Insurance,2013,4,7640.034191754304,414646.82938711543,407,0.7891543397908362,7.41886194954356,0.29099867123953904,0.5331694132464773,145671.22637730575
2013-04-30,Motor Vehicle Insurance,2013,4,2452.611685524757,35132.49210374142,619,0.6895616239823323,2.792937474046478,3.367552217397725,0.6987210136837263,148039.41983592397
2013-04-30,Home Insurance,2013,4,7309.34185125741,164591.07139252845,336,0.7862798141187046,9.01193502372557,1.68283399419506,0.8343862256336799,191641.6958458409
2013-05-31,Health Insurance,2013,5,3741.053013920607,718812.5065589235,815,0.8535432281361044,3.5866863681902177,4.499804016092562,0.4226875481209942,199693.7318406684
2013-05-31,Life Insurance,2013,5,6359.827722876436,662334.7024910499,117,0.5532512859155243,4.310073889805376,4.451779125776776,0.8006729443848697,274554.8857040644
2013-05-31,Motor Vehicle Insurance,2013,5,6371.944136532858,36825.032578448656,124,0.6844572003633297,1.522827568723148,1.6939240299725642,0.6595965405900438,84140.48286638848
2013-05-31,Home Insurance,2013,5,5404.169372340109,229752.44031361994,399,0.8779110285360276,2.0036099108914875,4.514708388883292,0.6537638050400307,347167.09857406473
2013-06-30,Health Insurance,2013,6,993.8687235386421,238764.0486221907,793,0.6727248283698698,5.642757124410953,4.981172600144016,0.6251253408434921,87945.4369557307
2013-06-30,Life Insurance,2013,6,8369.494706333457,675173.8161627412,804,0.7573425220522338,3.4083340905517434,4.144536754207346,0.43122733865688256,158602.69864175102
2013-06-30,Motor Vehicle Insurance,2013,6,3275.7226432201846,29513.432376820514,715,0.7644962123879891,8.51932203167975,4.239869604000622,0.44044458328127234,254155.83965004625
2013-06-30,Home Insurance,2013,6,1946.533252958557,113067.4961647281,51,0.5830143139101377,1.1322404978945846,1.3201428069345407,0.6704104025465887,399238.0779541213
2013-07-31,Health Insurance,2013,7,503.67390139216275,801916.9245194575,783,0.6630059487435298,4.411846438047426,2.9258417544030064,0.5534313571460012,371037.27045317
2013-07-31,Life Insurance,2013,7,5949.840137563594,186759.2154337903,324,0.6505300799338695,4.0361099209218345,0.42955397844010246,0.8127706299599563,324539.5064232085
2013-07-31,Motor Vehicle Insurance,2013,7,6807.887182238596,656218.6467733559,789,0.5117885188394291,1.1739486782584092,0.5650978904261816,0.5829657418117625,82107.76398718423
2013-07-31,Home Insurance,2013,7,264.2195063857759,245800.95323625926,141,0.5108862937511098,2.119315591004592,4.994573798963124,0.4644766564161885,275787.44607971096
2013-08-31,Health Insurance,2013,8,5169.721277162882,108446.97883175171,470,0.874263669654098,4.722784074267717,1.7005323221869637,0.7216234750759162,48286.018390943296
2013-08-31,Life Insurance,2013,8,2342.3081744595856,250740.46908945954,787,0.6228818644877656,5.43578126002702,3.7661011690393478,0.5320090396484545,191794.77251434213
2013-08-31,Motor Vehicle Insurance,2013,8,6487.2106250535535,725044.2625371026,802,0.733135444807467,4.638607725293822,4.052658759831401,0.6364616383101519,209690.68249352978
2013-08-31,Home Insurance,2013,8,1826.2276471494154,857139.5034252229,334,0.6344265081149478,5.778439105708845,4.304314027935423,0.7140247534773265,24706.662525648146
2013-09-30,Health Insurance,2013,9,6940.283607214413,831917.6659213217,893,0.9233056603019032,6.356185074151134,4.988378657270567,0.8051188500409316,140624.10923763606
2013-09-30,Life Insurance,2013,9,3928.6799283753203,403211.6943222703,964,0.6166835414895981,1.0893143901505207,1.2833327777586525,0.7564860376607543,478046.48629691225
2013-09-30,Motor Vehicle Insurance,2013,9,9373.626888493673,671404.2852049397,373,0.6933455657325207,5.176856435081535,0.2977190516125286,0.7043624805427258,477048.1408756963
2013-09-30,Home Insurance,2013,9,1461.457347045333,212934.45246166276,564,0.8927286127180708,9.671493167988295,2.1148384381734715,0.7058349320778146,179401.89185500695
2013-10-31,Health Insurance,2013,10,3476.5568753975595,300216.25295840314,494,0.8788701050563139,5.671290521165939,0.73739528216184,0.8256660898144389,26334.553929420406
2013-10-31,Life Insurance,2013,10,1223.3878602818318,897372.4603359086,539,0.5837456380308248,7.097880407130579,0.2098868568940701,0.5331208438734412,93651.99496744986
2013-10-31,Motor Vehicle Insurance,2013,10,9254.466820957772,22871.904275628673,669,0.8611894894080696,3.8067747212519487,1.8660914529932822,0.40050044238828436,199147.80774960236
2013-10-31,Home Insurance,2013,10,8785.659598471711,94653.4455459234,751,0.7061840990320517,7.965922403374863,3.9403174302686588,0.5223795517291894,474150.95049476874
2013-11-30,Health Insurance,2013,11,2653.6221143800403,215807.39259456703,156,0.7173359924384098,7.956293336885036,2.8742853870028475,0.4980511208320348,74893.53645090654
2013-11-30,Life Insurance,2013,11,6633.842055738372,36266.88183508151,291,0.5600659875871747,5.69166442888725,1.632612147130735,0.6978255633012992,382940.34261576505
2013-11-30,Motor Vehicle Insurance,2013,11,8190.499781992036,189621.08073889933,648,0.5362706811907061,9.784124409512922,3.3062758269143266,0.685170219894488,58797.85699047258
2013-11-30,Home Insurance,2013,11,5596.488034834677,587211.1453599953,144,0.8275726881381943,2.1299519328638805,1.2368890835131727,0.6670576222171257,490722.50080868206
2013-12-31,Health Insurance,2013,12,5343.540725724464,427210.30508657295,106,0.7234075185598848,1.152528984006229,0.17046908575321662,0.4073095494442542,193900.16705902183
2013-12-31,Life Insurance,2013,12,2494.3376799144717,893744.993966205,420,0.6965828161768308,7.931423905813864,3.8453315935384946,0.7279501245027913,388741.0967550327
2013-12-31,Motor Vehicle Insurance,2013,12,1021.7174012784022,819269.1261210565,670,0.8282787028935785,8.264399836283943,3.1563411158336447,0.5455886856184712,174582.58599151025
2013-12-31,Home Insurance,2013,12,8982.436003737936,348399.1781808972,658,0.8444808045459993,2.0818650620851864,3.835282860054704,0.699275195052984,315696.0941936103
2014-01-31,Health Insurance,2014,1,9014.138765916972,266829.1990969796,2,0.5715086754512091,3.390245496627455,0.2907962817695615,0.6504602928259691,100047.96194631819
2014-01-31,Life Insurance,2014,1,6367.704427005353,385895.48408559425,945,0.7746013172649385,1.1579712702996603,4.201886176370196,0.5542289164425582,77280.40455199646
2014-01-31,Motor Vehicle Insurance,2014,1,3456.3949313821367,594391.9930896597,589,0.5609093370249585,3.639777497025082,3.1356783801778865,0.46055932019684853,469341.749086225
2014-01-31,Home Insurance,2014,1,3557.174788665343,275383.00441464747,644,0.8381187887130706,7.958276865268044,2.860637218491937,0.44248850394721645,459235.40256269457
2014-02-28,Health Insurance,2014,2,7286.961220815369,627907.4187706427,90,0.7956298203202128,5.6616447494132105,3.160608835761205,0.7741832499005006,444297.1254053768
2014-02-28,Life Insurance,2014,2,8981.391573530513,415317.535669328,345,0.930476579487556,4.132860338514593,4.335722909654984,0.813278893936701,314589.55783246376
2014-02-28,Motor Vehicle Insurance,2014,2,8882.155600224662,556526.7090434604,350,0.5310311073603895,4.345653654156973,2.975988882138645,0.6924046210439347,405092.7645520577
2014-02-28,Home Insurance,2014,2,7820.767903990476,441765.2638439635,459,0.5256746245180645,1.0121826314392135,2.946656861452079,0.44654535168721754,39173.283771130584
2014-03-31,Health Insurance,2014,3,6456.113296927449,301521.1019464985,263,0.6269841836119401,3.698204748087123,4.954327869622253,0.5809122475997084,170720.57573588617
2014-03-31,Life Insurance,2014,3,932.9856534509835,948968.7738925351,351,0.6177675576811577,6.8181286747413745,3.8079778186359836,0.7280226400473208,160283.04675479233
2014-03-31,Motor Vehicle Insurance,2014,3,1700.1242695366764,765969.7362181632,108,0.6111404595823999,9.767749994347215,2.2672396467105633,0.7509193978045307,319644.43436654354
2014-03-31,Home Insurance,2014,3,8995.686466418085,148712.044008788,586,0.9078145612344665,8.623547442855095,3.5662453001613463,0.4531983800309899,181199.09786796704
2014-04-30,Health Insurance,2014,4,6103.64769062994,869783.2961389336,39,0.6122957899322777,1.2123546818097621,2.007229311289764,0.4000138234804221,78510.856913622
2014-04-30,Life Insurance,2014,4,191.05081100463352,492556.8862670185,909,0.622377376757884,9.087045442073554,1.2214897661691453,0.7204616706462723,300251.20232970413
2014-04-30,Motor Vehicle Insurance,2014,4,1104.568274373718,895606.7046251505,159,0.8417292180880837,8.048785719687633,3.0245741967500215,0.5604682791937925,408120.04073119536
2014-04-30,Home Insurance,2014,4,6668.667514169752,801856.703387842,583,0.702382929102743,8.023385112138824,4.6480922807583624,0.5145165992282171,194151.12975768672
2014-05-31,Health Insurance,2014,5,150.109680077565,430961.36942454113,959,0.8495197506298315,5.121961831032143,4.652783648075768,0.40580386140528646,70473.01397374844
2014-05-31,Life Insurance,2014,5,1691.9997090332367,32244.615236916223,312,0.5294147709039734,4.582047636590525,1.7753358627169027,0.6431347330426749,102360.65766984741
2014-05-31,Motor Vehicle Insurance,2014,5,5532.464514729202,275990.5857910966,241,0.7194070371530229,3.7262415594987335,2.6856195844863056,0.7830178309416918,122554.23605884507
2014-05-31,Home Insurance,2014,5,6949.762457157663,546217.8725142583,938,0.5151261200824772,1.591253730589292,1.1370159029923201,0.8309342408226645,153449.30853229543
2014-06-30,Health Insurance,2014,6,6554.416469075745,637143.4376278858,445,0.5281939415549095,3.0541182714432917,4.978592436544529,0.6545852277759802,323183.55990062305
2014-06-30,Life Insurance,2014,6,2320.2661636595417,265308.80857887026,298,0.9078968540049849,3.2194327148022217,4.907477748552885,0.6315075974829524,302468.0148461709
2014-06-30,Motor Vehicle Insurance,2014,6,7150.574291340605,147962.5133320959,952,0.5626604170029178,5.356693627391814,3.2825937555664924,0.4382753734701585,349559.5314756844
2014-06-30,Home Insurance,2014,6,2448.7659662183205,836580.9344313061,36,0.7395893070238477,7.726999659370246,4.041628892419619,0.6469927606941699,184438.48234309902
2014-07-31,Health Insurance,2014,7,3321.4570117767503,984558.1588965165,84,0.6849930211703179,5.26428845558152,3.6039907902901303,0.5709905855344276,412878.8376805893
2014-07-31,Life Insurance,2014,7,7490.264910668439,530433.280479659,452,0.6563044968164792,1.5206000450244455,3.0064752732933946,0.6732108763976097,106023.39227210134
2014-07-31,Motor Vehicle Insurance,2014,7,6531.365700567425,179962.49298982046,886,0.9049250055592726,9.620108208893836,0.3614051852455987,0.5749268565444461,237175.1700214862
2014-07-31,Home Insurance,2014,7,8507.311763892361,279584.25325417524,775,0.5098205285489703,9.48451887184701,2.3283452785080394,0.508134605552665,401464.667163008
2014-08-31,Health Insurance,2014,8,6610.3676337734,28206.769781992065,822,0.798705358779015,8.066705888335676,3.406452880620312,0.4427343738527694,94178.53062764653
2014-08-31,Life Insurance,2014,8,5726.255173021169,915155.818494894,385,0.9335274953960977,9.921951114077984,3.419904908030055,0.5417133000650031,59382.24130168756
2014-08-31,Motor Vehicle Insurance,2014,8,1027.3802014981156,126573.57206123973,172,0.7520756825578289,5.900340995202367,1.9283008302696798,0.44349017542948854,442423.56400555494
2014-08-31,Home Insurance,2014,8,3740.3864502883916,580751.3107591111,376,0.9215701079148912,9.664915152278855,4.71429073462435,0.4796036278707928,174750.18306580198
2014-09-30,Health Insurance,2014,9,2725.5034400490817,281314.66848033393,685,0.5235160456787107,1.680445365550757,0.920049457960227,0.8443012713607956,343515.7118299708
2014-09-30,Life Insurance,2014,9,2515.4974694529274,558636.2224906355,362,0.6884569935833726,4.291126734352342,2.551761286456247,0.5998466006079783,17547.55911064955
2014-09-30,Motor Vehicle Insurance,2014,9,9732.804492049212,654906.1844683456,559,0.617071005932923,3.0284314120608924,3.485331485099032,0.6393422949272575,346573.20976267755
2014-09-30,Home Insurance,2014,9,3991.667474200928,831444.3856701296,891,0.8288694342413283,2.7624977572084304,3.5159654488698657,0.7931283379317469,161470.1492157504
2014-10-31,Health Insurance,2014,10,8931.260896253421,214357.05904299716,141,0.9415836907237609,2.267226540034085,3.2783308881671966,0.8480060052208095,32591.72252578366
2014-10-31,Life Insurance,2014,10,6348.272397372903,20885.870371895675,887,0.6154385280999115,6.60172277409397,1.448912245914115,0.6622215022051067,306857.31696631794
2014-10-31,Motor Vehicle Insurance,2014,10,7968.63190506232,145516.7737681192,918,0.7943785706633335,8.031896701725746,0.8654121865644477,0.7656132194698773,124197.88895622076
2014-10-31,Home Insurance,2014,10,5076.107221741402,901018.4554296241,118,0.5891439347418831,6.204685594783246,3.2161076014508834,0.5471234609515039,196469.5848156806
2014-11-30,Health Insurance,2014,11,5811.348457800955,875151.1767868901,277,0.7543986145572245,2.322664386293887,3.036580369083245,0.537584780851281,44887.50208182423
2014-11-30,Life Insurance,2014,11,4975.9251688067525,601438.9711486052,726,0.7087696190097512,8.300113929401238,0.9788444504172809,0.5812166744475521,77845.80929199794
2014-11-30,Motor Vehicle Insurance,2014,11,2032.9055792006404,604511.6918293169,220,0.9374023983341917,6.723592364473556,3.5551818132957607,0.7026282682031422,152498.73157044267
2014-11-30,Home Insurance,2014,11,7252.275941088903,668386.307800793,905,0.77383727271341,4.493491355142959,2.3303427594949166,0.7069862601647945,49430.95277727778
2014-12-31,Health Insurance,2014,12,2879.6463881644722,183617.56583721508,26,0.6572778674390685,7.067172659824567,3.3720268988554496,0.5418577455922529,455859.00101972604
2014-12-31,Life Insurance,2014,12,340.728067671393,915267.8264657102,521,0.55134310319957,3.3391448131854955,4.203098690873738,0.4599444658614829,7993.286376069316
2014-12-31,Motor Vehicle Insurance,2014,12,6490.175729480961,424582.8196431524,783,0.5680610729307205,4.106729876447894,0.9316693000269235,0.6845783154094789,244510.80833783414
2014-12-31,Home Insurance,2014,12,1853.3957261297846,389307.14296700247,10,0.6013926184780558,9.257372588187913,0.19380985318449973,0.457746637984944,66007.49177561296
2015-01-31,Health Insurance,2015,1,9410.539985093852,523728.52823000913,984,0.6129349976031341,3.6145405510427837,3.9176026733393554,0.6603216287031985,157301.14929158453
2015-01-31,Life Insurance,2015,1,9543.892912325615,56496.30710730449,378,0.882777226028512,5.229894413421429,3.0875173832478184,0.7120399576253391,463399.4821100414
2015-01-31,Motor Vehicle Insurance,2015,1,9157.15746318244,174620.53506851863,633,0.7525502547271362,9.011270236564132,3.5282338911483966,0.7152751733775032,85038.8038706235
2015-01-31,Home Insurance,2015,1,3764.5711325288994,740653.2802621067,637,0.7355259101184649,7.369492152407747,4.206959377444348,0.7390624497968186,483086.99826057465
2015-02-28,Health Insurance,2015,2,253.02050363578755,91970.68124587521,682,0.5516459923411479,1.5598290354823248,4.0337735806400525,0.792786739704549,106868.21660976375
2015-02-28,Life Insurance,2015,2,9290.353769618481,607120.5883717244,584,0.8870628620072457,2.325727398510733,4.808508719951241,0.6249815463841548,372075.22369108064
2015-02-28,Motor Vehicle Insurance,2015,2,4339.023068341412,252895.61858450776,152,0.8252664364438176,1.0705743169472512,2.7260818863753795,0.728612135288307,275605.2461241693
2015-02-28,Home Insurance,2015,2,9669.882708532328,395402.65790155675,720,0.5304507628550007,6.678296112062471,2.4936286000335364,0.6786277309146265,442816.9701603958
2015-03-31,Health Insurance,2015,3,9639.837773183603,295806.7994029929,49,0.8185257937533958,5.029060828693765,2.0692472794645775,0.4839879729089572,279226.6614740498
2015-03-31,Life Insurance,2015,3,8544.793609126864,362115.98930029967,154,0.7445921978041907,2.2084736581204796,0.8530861099366023,0.4115603401912337,269606.8134823728
2015-03-31,Motor Vehicle Insurance,2015,3,3015.0440314888983,721855.446132403,859,0.5367764055860502,9.621407089510933,2.9057754411219103,0.5280436235546202,101751.71018235794
2015-03-31,Home Insurance,2015,3,3912.46751315906,304150.4984669433,293,0.7062352886878954,5.766937515510579,1.4573613691972962,0.5993651678519287,87283.53421557107
2015-04-30,Health Insurance,2015,4,8526.253048016883,570740.5938939282,580,0.7181133292085211,3.1770396470160027,4.6144068098435795,0.6776976749928953,458662.1298021795
2015-04-30,Life Insurance,2015,4,3237.527851047149,481289.89817710867,50,0.5745985430734741,5.505432140392368,2.9576349409577785,0.7824816987264425,167279.90843076687
2015-04-30,Motor Vehicle Insurance,2015,4,1777.9781921923156,667034.4537090217,664,0.925564166150127,7.11658299461597,3.0049168844897403,0.48831057251777454,189180.7162066335
2015-04-30,Home Insurance,2015,4,5612.332498337667,937461.4419315105,531,0.8824889171662978,1.6861529617620803,1.8391308382973492,0.4564974054543147,381112.71092205227
2015-05-31,Health Insurance,2015,5,9367.932264191732,735246.3762381478,612,0.8010600517980987,3.472334335431028,0.3547478246907667,0.8335659763634473,172717.62379928963
2015-05-31,Life Insurance,2015,5,6990.694987082233,222790.9748048492,60,0.7080330024502732,8.262689417955944,0.2555444503276443,0.44862005171938324,476270.9110863064
2015-05-31,Motor Vehicle Insurance,2015,5,5743.605583884713,40871.303710671826,167,0.6852944937130288,5.136983833623951,2.174342206350668,0.6153209815482351,370274.24565440614
2015-05-31,Home Insurance,2015,5,1062.0472883306084,269641.40385682683,202,0.7929380602179293,5.919194278290654,0.5143703526764655,0.6635036779569858,300727.4750738429
2015-06-30,Health Insurance,2015,6,6188.5715443217805,599127.1513932523,857,0.7454443412331074,4.895344019885224,3.073550082146682,0.6436184894083472,441043.10446965246
2015-06-30,Life Insurance,2015,6,9901.533116032206,60911.55534940785,146,0.5280228976468485,1.395099483787046,4.416767727634321,0.43871447066482444,29554.924632993963
2015-06-30,Motor Vehicle Insurance,2015,6,1486.8317508415878,501402.584729224,915,0.7306261919466492,2.4917480183814034,4.426282600941739,0.42566211130162873,132246.03263365832
2015-06-30,Home Insurance,2015,6,5231.463558400994,600874.4204277203,676,0.8628816277547777,5.009874748677018,3.329322509647939,0.44746754235746605,235192.98543935042
2015-07-31,Health Insurance,2015,7,8785.993412086758,340901.4519087912,970,0.7066579449186311,2.8826691886713505,1.1350359742173621,0.6635144577426757,117354.3770384029
2015-07-31,Life Insurance,2015,7,7433.609315766624,773203.0817083637,993,0.5233804598994208,1.4498112579371085,4.328684473658473,0.6449551994354445,373233.0677145652
2015-07-31,Motor Vehicle Insurance,2015,7,7000.455835853153,115532.27060243409,439,0.8538251897228148,8.592846976466413,4.44185783303472,0.5051833564165349,460007.97537159396
2015-07-31,Home Insurance,2015,7,7054.592431472382,84386.40391845067,242,0.5906137019611885,9.830732762477043,1.0636025662694977,0.6869983638305162,214766.20936580707
2015-08-31,Health Insurance,2015,8,3658.962397075576,730906.8686415673,581,0.6163793756996174,8.138285865970655,3.713387820276319,0.7690303759250422,174355.637055388
2015-08-31,Life Insurance,2015,8,3006.5592582184845,500536.4030441365,687,0.5741178590445332,8.684064295342004,1.5039457897429027,0.4187105319309672,480967.6124080953
2015-08-31,Motor Vehicle Insurance,2015,8,8112.675439237285,691518.3724634587,561,0.6485967791921738,3.1777941728534085,4.032937530529355,0.6241584745966191,225201.95424963272
2015-08-31,Home Insurance,2015,8,8120.1226073238895,440479.06521770876,483,0.8405381775598857,9.645642779618798,4.9864657095276534,0.7101896854462106,247078.9582223952
2015-09-30,Health Insurance,2015,9,8684.015953943026,253938.01290671574,108,0.7337236367767718,2.7723313400808554,0.2471274261140248,0.5135403671813592,179066.68680924317
2015-09-30,Life Insurance,2015,9,9141.081470309065,820911.2944974577,226,0.5921965733678206,9.562868293256491,4.497092742375567,0.5384969073819171,455226.4941410085
2015-09-30,Motor Vehicle Insurance,2015,9,5162.289748723284,801421.7201792895,673,0.8950235351684184,9.95337364569356,3.150889614633425,0.6761370563452227,286632.9642245161
2015-09-30,Home Insurance,2015,9,5065.011317403276,697749.5061458825,631,0.895811834728188,7.405505251714438,4.869574833907624,0.8040708820496816,382276.4206549141
2015-10-31,Health Insurance,2015,10,8003.122271771074,279423.68585766305,661,0.891760291270703,9.830293586126396,2.3785466358794953,0.7644659891363047,406844.32558368874
2015-10-31,Life Insurance,2015,10,6534.642914699875,594328.3602003963,977,0.6074582951216927,6.125858016103933,4.252200859799731,0.6624085985948126,174215.2757490428
2015-10-31,Motor Vehicle Insurance,2015,10,7049.472084851263,367364.15797062655,662,0.7030577048814446,3.335876048584813,0.4057309361315584,0.7285997729907621,219678.6940035881
2015-10-31,Home Insurance,2015,10,7978.3474274174005,100666.25259336781,432,0.9432453452633938,4.932962970990587,1.7428673453836492,0.5641701115935094,424993.528331101
2015-11-30,Health Insurance,2015,11,8911.052883993907,918140.4397076204,805,0.8474056143394957,6.342048418409074,0.42838103498092883,0.688434487644441,184811.39907952608
2015-11-30,Life Insurance,2015,11,3446.1520528302044,145450.4446097718,655,0.512225339551502,1.6577340582431348,4.879181354047446,0.6097817160074006,397997.8910586664
2015-11-30,Motor Vehicle Insurance,2015,11,3818.2712311354458,950734.9802825944,419,0.5293420660672215,6.601089381555215,4.103172145632,0.4854712614059024,470791.19967434637
2015-11-30,Home Insurance,2015,11,1030.421204424603,451545.71522837615,988,0.7087691195655497,9.83060053086065,4.277482364105255,0.7157822232447657,313489.13466866344
2015-12-31,Health Insurance,2015,12,5824.973395862123,193281.59955023346,455,0.909149092637702,2.7109688480535485,4.696029634026082,0.6504090868069698,372105.507288685
2015-12-31,Life Insurance,2015,12,455.8285105877467,546481.9379045746,160,0.7424158090787214,8.13335604659545,0.5170070819869482,0.5613797118791162,403523.16946036177
2015-12-31,Motor Vehicle Insurance,2015,12,4709.420379511355,874216.3775176442,523,0.7240156286154306,9.171089144016575,1.9894282033153337,0.8101026355353838,423294.62620383804
2015-12-31,Home Insurance,2015,12,5472.181883605009,734902.6375454656,650,0.5474631649804838,9.493314335381987,0.44807095631561045,0.40942035302203,200551.40223911402
2016-01-31,Health Insurance,2016,1,2936.758396070016,808495.5363828352,969,0.7955510471259323,9.641220439649025,1.1328861975951403,0.5420979180622731,30375.412292119094
2016-01-31,Life Insurance,2016,1,5949.249279633206,662195.5330436102,590,0.8699464222701014,5.693136748493248,1.2238923074845947,0.425596628999941,203928.75426218606
2016-01-31,Motor Vehicle Insurance,2016,1,401.95247439658937,695353.7988726739,77,0.671189003378403,9.795771171923533,2.398625334133136,0.7449372922997322,338509.33374312444
2016-01-31,Home Insurance,2016,1,469.74706861722274,850703.6950496661,509,0.8490253329163973,7.81579186420995,1.4159546205228488,0.7159483543512066,227923.44096149242
2016-02-29,Health Insurance,2016,2,8243.745550530617,257171.3287705941,441,0.9340144942553652,2.455042926132657,0.5947927234070294,0.5491084984313427,375736.7596758973
2016-02-29,Life Insurance,2016,2,3665.8873499715028,494530.71400670905,254,0.59169490660746,5.29210095821173,0.9207063365611278,0.7040483059931828,181706.3025869886
2016-02-29,Motor Vehicle Insurance,2016,2,1357.8990752536592,228997.3474014062,921,0.7354983340376335,7.464980578348036,0.8216502614052456,0.5781717517881775,319198.3498464946
2016-02-29,Home Insurance,2016,2,5270.208274542563,987791.3279166805,770,0.629212081138059,3.22606284237175,4.868076309770261,0.7403142061400954,97277.80340271741
2016-03-31,Health Insurance,2016,3,7722.936175676247,944618.7462897472,320,0.8567844885652276,6.765536651939986,3.820533283900521,0.6043826482315178,375937.87113925366
2016-03-31,Life Insurance,2016,3,2236.6281722187473,49032.54325482084,803,0.7599170146465208,6.999404311419573,4.842031179820854,0.5855258775242496,275119.5045624478
2016-03-31,Motor Vehicle Insurance,2016,3,6266.615710608103,708519.4207905316,263,0.7855620878976366,2.464297694277093,2.254728383888752,0.8206284619697355,106011.87233056729
2016-03-31,Home Insurance,2016,3,944.9399034383032,925995.8342415092,597,0.8590613718271523,6.085767812074806,1.4640055601470174,0.5128955949508152,149496.0308814146
2016-04-30,Health Insurance,2016,4,611.6490395692163,188769.5916760602,658,0.6781867126981047,7.944642198807469,4.011636666325015,0.45420130299845446,375561.31074800703
2016-04-30,Life Insurance,2016,4,5360.410852524665,572265.7782471032,835,0.9117905307831694,5.490060980823477,1.6986441984016194,0.6630444009667562,243887.61165245273
2016-04-30,Motor Vehicle Insurance,2016,4,5452.287703940055,916333.4146121615,554,0.739862990260763,1.1089280509849668,1.5669785311562068,0.8361948155278804,111935.56299457075
2016-04-30,Home Insurance,2016,4,6410.5560248322445,43606.51879994085,374,0.5710796702759066,1.0813462217136296,1.239279361818373,0.570027646177234,483799.23923329735
2016-05-31,Health Insurance,2016,5,7288.304203854349,700446.0645743716,637,0.8131546031759611,4.21326409573011,0.7354269932987533,0.42791654363295173,358986.8848093595
2016-05-31,Life Insurance,2016,5,9760.935586679092,304375.51729882526,167,0.8569676076972145,9.335746615886038,1.3566689989821534,0.5526873702893054,478781.7421071991
2016-05-31,Motor Vehicle Insurance,2016,5,5211.373448181834,925152.233422765,937,0.642542754680387,3.058091016432479,1.84106676752205,0.6276692444438012,216416.9974533699
2016-05-31,Home Insurance,2016,5,3297.269082118335,971347.6627137141,753,0.8857306656494388,6.709273199845184,3.402571619914079,0.47286535298449617,240174.66864240164
2016-06-30,Health Insurance,2016,6,7972.343328210166,944823.8242222996,459,0.9077644646445948,2.998682836239885,0.40656772687531273,0.6961459981254214,449487.8320115845
2016-06-30,Life Insurance,2016,6,2781.239287494535,479472.07449088915,999,0.624607019320014,3.8950299069359375,1.1314840043601806,0.8489872250545902,264899.4234214654
2016-06-30,Motor Vehicle Insurance,2016,6,4445.8170649857975,863422.2244794203,280,0.9425846627218499,8.632378806413357,4.064215837429215,0.6032827641916497,355103.06139330525
2016-06-30,Home Insurance,2016,6,876.718175288433,846103.9045497196,700,0.5633201876219412,7.559752980429522,0.8199174255604768,0.5596278505285956,129825.57436028734
2016-07-31,Health Insurance,2016,7,350.97235981302936,325909.4685108231,302,0.5909070507811205,1.8585934958188957,1.7789612179603558,0.58031687507551,226129.60200780706
2016-07-31,Life Insurance,2016,7,9630.219305311459,830626.3194091705,531,0.5829011776571118,4.858318188877902,4.336828717104886,0.45181578027784053,66107.68357612577
2016-07-31,Motor Vehicle Insurance,2016,7,8376.203193070838,46637.5583683377,580,0.9022953695035416,1.26252787280738,0.859134024602869,0.7974731206418006,106960.11775909603
2016-07-31,Home Insurance,2016,7,6990.14464032761,600307.1796972326,218,0.7944316485462328,5.328011319427081,0.5054104945291306,0.5866715449846084,5466.990557477388
2016-08-31,Health Insurance,2016,8,4148.634149701272,237708.74891482602,102,0.5684469274500228,6.9619061053096125,2.4742361758920532,0.5742734851411786,24436.200566086816
2016-08-31,Life Insurance,2016,8,1815.6137687013731,129361.21691950603,554,0.698145538265757,2.066523612383364,1.5818556052648285,0.6968606228187134,488755.49247258
2016-08-31,Motor Vehicle Insurance,2016,8,1648.726722443752,86183.66961291706,288,0.7768841112814109,3.5999644501824912,2.8607009859708854,0.5989150394190056,124965.07909269734
2016-08-31,Home Insurance,2016,8,2577.404691829494,699325.8881193583,167,0.5375588382452224,4.580529629519413,4.0386439633690285,0.6917050609635307,333338.801204481
2016-09-30,Health Insurance,2016,9,5537.343980590593,346476.2141303855,621,0.8970873657833024,9.275779221904447,0.7720275919484415,0.4276508305588544,420354.3509058077
2016-09-30,Life Insurance,2016,9,7174.499634730617,727519.1038134738,36,0.8616215909486908,9.939295138806676,2.9454255143159966,0.7661755046750023,277576.92732209933
2016-09-30,Motor Vehicle Insurance,2016,9,6635.954029505539,74702.77739095295,744,0.7273430481094871,1.4042016909605426,2.5769929259103335,0.8232267787957311,80806.52754155832
2016-09-30,Home Insurance,2016,9,2871.345579764834,322137.4344523042,741,0.9352069768666267,7.849071311458529,0.8059860514646779,0.6919444237717236,365417.6364814024
2016-10-31,Health Insurance,2016,10,9553.16627856562,544096.3794515838,353,0.6879924406737948,4.3455165976210886,3.157592579092014,0.8295546679864648,302124.4479992936
2016-10-31,Life Insurance,2016,10,7405.179475288108,792815.9331905739,676,0.942849643566424,4.5321236760653205,1.4408380475177813,0.4681445414664835,366969.0417269507
2016-10-31,Motor Vehicle Insurance,2016,10,5588.105119862867,325564.9779027492,899,0.8005639994616321,7.788384760123204,2.4903881608656615,0.6148372852661592,386024.57831425813
2016-10-31,Home Insurance,2016,10,6156.035387720087,629632.462672639,73,0.7856020729642736,9.265837889308678,0.5031343889576032,0.6708130302754512,487828.13200394885
2016-11-30,Health Insurance,2016,11,4254.04061803512,887117.9707538253,648,0.5746797028831032,9.558357350522936,2.351961880346753,0.661781491339534,288913.82361322147
2016-11-30,Life Insurance,2016,11,2552.536796061459,619704.5563004815,353,0.8968674912370898,6.194103274344887,1.6016709934098197,0.5806578005900694,174112.3507818479
2016-11-30,Motor Vehicle Insurance,2016,11,3624.12951864749,240629.88000609743,891,0.6923703595642768,4.214090433704525,4.129667934808237,0.5521379842148176,325989.95566561737
2016-11-30,Home Insurance,2016,11,7602.676493597254,34156.77374097264,70,0.5730050326021157,8.087941772729014,0.3791957622871046,0.45707081014768847,38878.15107509994
2016-12-31,Health Insurance,2016,12,242.4955374345831,871397.8851619206,425,0.5056733839890916,3.2590124493607022,2.151175647099817,0.5762841027530252,449211.6725691852
2016-12-31,Life Insurance,2016,12,1249.1191410184708,31056.716741883265,999,0.7518900576372721,6.07666625950166,2.3463139782440465,0.4731973667974683,64093.60061240741
2016-12-31,Motor Vehicle Insurance,2016,12,555.4261560153523,875954.6559573574,708,0.7373298299552044,4.227206153723858,3.652529773865682,0.7304645544214983,167282.20475348004
2016-12-31,Home Insurance,2016,12,503.21514295780435,533647.7626869399,781,0.8237091300661213,6.909679663370885,2.914009117942034,0.4939739209725655,408793.9634099298
2017-01-31,Health Insurance,2017,1,8569.059781708971,939677.0215277672,561,0.9006161238580109,3.163590216041562,3.3693404522514876,0.42635438737804027,300669.62727370235
2017-01-31,Life Insurance,2017,1,7066.2128078622345,800795.4034159287,828,0.5357329630893632,2.7243365116134317,3.9075414996936053,0.6485647620177555,199849.58253733383
2017-01-31,Motor Vehicle Insurance,2017,1,4794.320907964519,997954.769428004,642,0.829173420653163,9.264151780078933,4.324794570925125,0.6678533797237307,239350.6513906356
2017-01-31,Home Insurance,2017,1,1068.5581904449145,357204.69729719305,956,0.584335374843912,1.916233146545832,1.6379899339401056,0.7923608775762274,428000.95963507926
2017-02-28,Health Insurance,2017,2,4966.997163656641,769516.4060418156,517,0.8861796739207237,5.5536211696143845,2.7363112562831247,0.6596417255879569,173302.1710996466
2017-02-28,Life Insurance,2017,2,4787.3705307276,407911.60447314975,428,0.8685785812377452,2.9876750466670803,4.216529584352079,0.5554663841755506,435476.5939820248
2017-02-28,Motor Vehicle Insurance,2017,2,1814.6985121091502,485076.86410086975,539,0.743357189743495,1.350369669931007,4.948310541728777,0.7613553466868442,48626.54333346229
2017-02-28,Home Insurance,2017,2,4395.131327455933,631230.4085861864,160,0.8196092593804902,1.3241693646228376,4.45864462411444,0.6431255019343395,389515.2264182722
2017-03-31,Health Insurance,2017,3,4045.196870533997,874940.3430444754,149,0.6414575509326867,2.576995948952446,1.9201895868594465,0.43567612808403633,424536.0783620945
2017-03-31,Life Insurance,2017,3,6196.915970716943,984242.6345073022,776,0.7120255545197666,8.800933190554002,1.056315934371387,0.654632752140961,94999.73815448268
2017-03-31,Motor Vehicle Insurance,2017,3,6387.4271435896735,770590.679725873,230,0.8697366039697122,3.54230869579324,2.498023433292285,0.8086083454397481,218021.53352423923
2017-03-31,Home Insurance,2017,3,548.5096967432407,423589.11434566043,712,0.7066693387279462,9.554132535177661,3.7340431139966075,0.5783406814741993,86922.38845850954
2017-04-30,Health Insurance,2017,4,3808.664884802065,427143.43225429946,562,0.6610092193964487,6.234600636902742,2.5135884466911587,0.5333466108549101,354769.0438521378
2017-04-30,Life Insurance,2017,4,6296.01316557094,740206.4785730026,67,0.7223956012626349,4.929527707918895,2.467586230236976,0.464561255658109,269997.1451905201
2017-04-30,Motor Vehicle Insurance,2017,4,5081.048959942868,246389.3743106193,812,0.8727121635967483,6.220799512025091,4.207329063300823,0.4681504848709108,319485.0566206189
2017-04-30,Home Insurance,2017,4,8579.249427764391,119369.37200008071,381,0.6508436213168927,5.65028546703641,1.8708785174292133,0.5947471679538185,102261.04864332452
2017-05-31,Health Insurance,2017,5,6621.066953027555,361075.93606436875,58,0.5781927169110848,7.828986283815927,4.312993906577064,0.6680559208726883,109814.20171594767
2017-05-31,Life Insurance,2017,5,1713.0508281061539,294366.6017375409,259,0.8204063091488514,3.5424645937556702,2.0933435246634455,0.4362769323263208,25541.17612740365
2017-05-31,Motor Vehicle Insurance,2017,5,798.6305992642555,303345.0392514302,342,0.8716901957186367,4.177453524402722,1.7083422178238634,0.8228058650613246,164423.4299218862
2017-05-31,Home Insurance,2017,5,6459.950854242525,241271.67353941084,838,0.54528686533559,9.046848722799256,2.324550564878525,0.7398101278503382,282073.6073601691
2017-06-30,Health Insurance,2017,6,362.46197436205597,51672.25773999826,130,0.6079433507401751,9.518108618353649,3.8359900975068557,0.6639807632276482,429677.7824286778
2017-06-30,Life Insurance,2017,6,5899.178254607286,27695.19538607967,727,0.5638873953924473,9.033024047378271,0.717409936533572,0.7727974019225459,335129.08649204695
2017-06-30,Motor Vehicle Insurance,2017,6,9408.27939010708,987845.1658386713,172,0.656573635211975,4.775031945615822,1.0624541577728852,0.436084040565451,220521.18008287696
2017-06-30,Home Insurance,2017,6,5797.194360971202,433495.40239850373,770,0.7026579405074357,8.023289527061936,4.762079645749151,0.614577494979906,476794.4566250982
2017-07-31,Health Insurance,2017,7,3942.882269444567,390483.3806880849,614,0.8369718516334879,5.287021599709889,0.9599089741686512,0.6835419070877485,361026.37428503676
2017-07-31,Life Insurance,2017,7,6468.553362579297,682850.8098661392,209,0.7930164131967533,5.477858669314919,2.8818638578621676,0.7728938077532301,465431.7754169623
2017-07-31,Motor Vehicle Insurance,2017,7,4636.703615866015,226071.34898641353,803,0.779417855365294,2.8421209815155555,2.938640886643496,0.7525613020221704,266156.046769722
2017-07-31,Home Insurance,2017,7,5501.606214227756,950461.5721107231,354,0.6585687259743445,6.320172729326648,2.4991598640461996,0.5246811623710299,133157.6160226041
2017-08-31,Health Insurance,2017,8,9420.5016068876,788481.5642713965,471,0.8786513988881419,2.6752230797801313,3.2592517180264116,0.8233960763016419,31149.209750537382
2017-08-31,Life Insurance,2017,8,3922.4161142276653,98516.89228913691,798,0.712079225329174,3.984082291604744,1.2261509564083304,0.45595562864389166,364412.001484506
2017-08-31,Motor Vehicle Insurance,2017,8,9615.786581856752,423404.96802707907,116,0.9405972221068195,8.695271814579417,2.8080451121060666,0.7938101283795185,65044.98401273939
2017-08-31,Home Insurance,2017,8,9062.97135536503,880327.124486543,264,0.7853639622330815,2.863682282897697,1.9236489507097962,0.8369231123220784,154873.68849462376
2017-09-30,Health Insurance,2017,9,2038.3322344140347,945284.7020684961,662,0.5568191337040262,1.6404245665608954,3.3421695721830265,0.4797190854501815,268573.0994025292
2017-09-30,Life Insurance,2017,9,786.676878664138,472727.49613737105,812,0.8042799029339452,1.6210683335153466,0.7919953625284324,0.7249297288917034,284386.2109509751
2017-09-30,Motor Vehicle Insurance,2017,9,1097.702213636524,617277.2753186006,442,0.6462968069442645,9.46706068452797,2.897299342513434,0.41812848345009934,302288.6825086323
2017-09-30,Home Insurance,2017,9,280.39607395034227,175363.6066311545,548,0.8088472385087437,5.562283941656512,1.0078247413782861,0.5824402713126198,87296.38852310182
2017-10-31,Health Insurance,2017,10,1034.985311483691,991256.9398756068,453,0.5313385166730826,4.684708646353165,1.4653510092636786,0.6323274846389533,192970.01538671614
2017-10-31,Life Insurance,2017,10,6861.767056821933,239354.98436960895,845,0.5786966467291818,8.297907229071265,1.171678021585558,0.6612903516593354,310511.1424228985
2017-10-31,Motor Vehicle Insurance,2017,10,804.767619756267,943304.4563937744,477,0.8850817665076038,8.522433351194644,0.9959051213572039,0.8211717617118517,485060.33799372346
2017-10-31,Home Insurance,2017,10,3257.858739908237,653150.1825024447,287,0.6022308006605817,3.9897192980404412,4.145983662647268,0.7025128092823876,365177.4131613459
2017-11-30,Health Insurance,2017,11,8464.2655785976,611659.4269300705,303,0.8766685063593229,7.242562517264157,1.4999670815383628,0.6165750780486566,461688.8597615091
2017-11-30,Life Insurance,2017,11,330.3921637846761,517561.6259063435,311,0.6256742398044847,7.940105342666979,4.642906531135802,0.7643537663196502,382294.96886551764
2017-11-30,Motor Vehicle Insurance,2017,11,8163.237977630464,238363.1136005811,208,0.7892968595264185,6.891856181793591,4.852639974191435,0.827739769429484,297899.8996017382
2017-11-30,Home Insurance,2017,11,2890.3622702566595,184762.75168545317,618,0.812367758079424,2.3643556732008943,2.899176302691777,0.4099297669070309,100051.56772249055
2017-12-31,Health Insurance,2017,12,1269.831793454397,228281.3469794736,446,0.7306946389152738,8.882947751653514,0.8007055010620594,0.8421345725152174,335009.39768679393
2017-12-31,Life Insurance,2017,12,6997.697937105091,194573.87952281197,670,0.6373898045135291,5.851850974624078,1.9352863925599484,0.43875946257865617,313572.885150154
2017-12-31,Motor Vehicle Insurance,2017,12,6326.534183120852,781788.6288310857,633,0.5956899693669933,3.542251837330033,4.0088880904062485,0.7664740506709427,303222.2393763469
2017-12-31,Home Insurance,2017,12,8786.972933917825,356624.0065750628,55,0.5149352095530918,4.827053668939245,1.9002145706156455,0.5261506386481356,247444.00465417918
2018-01-31,Health Insurance,2018,1,7377.203333658469,67264.2497977624,912,0.6367758805583257,1.3381398135901663,0.5263843696836649,0.4594808459892423,266685.0189746914
2018-01-31,Life Insurance,2018,1,8054.461210810001,969411.6038394033,12,0.7939232557390774,2.150801211001758,2.828246063548121,0.5979350378712257,170549.0509234615
2018-01-31,Motor Vehicle Insurance,2018,1,2892.1422684559343,884948.0261137914,657,0.9222371683018171,7.8899207546427474,4.24109217233057,0.6897804607514261,262059.78285794007
2018-01-31,Home Insurance,2018,1,1856.651483419256,928474.7603632609,400,0.8920420170183734,1.0001047127982954,4.000039297003162,0.5714283302605637,102790.17331084673
2018-02-28,Health Insurance,2018,2,7531.086041244497,994958.7444199709,908,0.8447291494408862,4.749092456340629,0.958103386638731,0.4245544337272146,403561.3266933865
2018-02-28,Life Insurance,2018,2,8087.663918745914,182156.2967272924,648,0.8548013044639844,5.702591629770296,3.3965466106210873,0.6697575128464225,96959.59257586037
2018-02-28,Motor Vehicle Insurance,2018,2,9906.000905806666,402279.59871363215,980,0.7992432065641979,1.4917097800087507,1.180470890834671,0.8060814742498036,47058.313495285875
2018-02-28,Home Insurance,2018,2,4184.915001423122,760656.0909470504,515,0.6171290859047014,9.757703466750996,1.169216919305644,0.5724469146762633,220941.7830467929
2018-03-31,Health Insurance,2018,3,3782.9790493485534,699060.4118732543,656,0.9082377638176233,3.0351279812470473,4.382951689195407,0.49734974993387215,330862.1825555006
2018-03-31,Life Insurance,2018,3,7786.488311345769,162356.9472764565,542,0.8018295403576252,3.7377884767265277,1.323377868427128,0.5991598056697669,221669.82834210296
2018-03-31,Motor Vehicle Insurance,2018,3,3473.9550485048767,817674.7937407116,237,0.752198283941198,3.735482610295246,1.389911997938255,0.42176321997195143,141993.29531589776
2018-03-31,Home Insurance,2018,3,9314.497523475291,232196.16611829406,279,0.5499452611460665,3.073749959056149,0.10320161473036782,0.7692194130161236,281294.73602576816
2018-04-30,Health Insurance,2018,4,8598.286243245817,231579.43867439684,348,0.7011749947128914,1.0132643987768026,4.366278267215036,0.771853364927584,176766.15602903898
2018-04-30,Life Insurance,2018,4,4347.040871012681,541604.6786644794,627,0.7071612220408668,7.564103146791967,3.9837145847247606,0.6646002085433328,466769.50661268336
2018-04-30,Motor Vehicle Insurance,2018,4,7533.623571135824,597010.5354932861,104,0.8890536242852014,9.701609498193568,3.1739117819443226,0.5588963000222753,461709.3441037682
2018-04-30,Home Insurance,2018,4,7569.974453438355,584285.3457594331,630,0.7459916990845048,3.0186413495654056,3.7763022433003273,0.7599025140006025,253674.05088618724
2018-05-31,Health Insurance,2018,5,1120.9263014757328,100571.96902377732,517,0.6711802470366843,6.967424726230802,0.8450379803800099,0.6496091611547652,167302.57703903798
2018-05-31,Life Insurance,2018,5,9035.27377612771,878686.2540040766,980,0.9395601478297967,7.677066942628436,2.3457856134791197,0.7716695388475072,369880.54490853637
2018-05-31,Motor Vehicle Insurance,2018,5,5101.998487233785,272944.042162819,872,0.5498242669968421,8.635828411814723,1.8209749980090266,0.6841564566623592,23172.907024117987
2018-05-31,Home Insurance,2018,5,8281.928914466642,138219.77206997614,248,0.690146792740375,4.803662773122483,0.5595049786593809,0.7529824629457588,240010.65799160735
2018-06-30,Health Insurance,2018,6,3268.491050203056,889860.5990702874,364,0.5189111038271323,3.726378150763863,2.482039377553128,0.669353346947992,171480.0801638151
2018-06-30,Life Insurance,2018,6,8965.679962112385,956094.9832474558,321,0.8329568543451187,3.92765620620728,4.611624286678913,0.5863634806970498,460665.26312576456
2018-06-30,Motor Vehicle Insurance,2018,6,3953.0966194682146,863506.3410927961,633,0.9131344484896178,7.413591997886615,0.296289683348403,0.8310756369667619,10941.498499977859
2018-06-30,Home Insurance,2018,6,207.29274965495375,811420.9139776293,286,0.6260167982977203,8.351015198550725,1.5281584761195903,0.6435012211954801,278643.3634805828
2018-07-31,Health Insurance,2018,7,9063.28156655071,658689.5608326315,149,0.8862537545596043,2.6345257098094237,1.116950587407947,0.6722902833432423,371628.4726279799
2018-07-31,Life Insurance,2018,7,1003.7381001827222,555348.796903048,84,0.631498203707854,4.338469073419887,1.2669186029619122,0.4992194377366372,245083.90382440042
2018-07-31,Motor Vehicle Insurance,2018,7,3261.205012145107,96116.89231229604,966,0.9098465727397618,9.11746177074235,4.551329304208939,0.6815428552422744,47274.49993054722
2018-07-31,Home Insurance,2018,7,9505.613473802969,414368.6809399917,406,0.8392828566185527,8.260241677252653,2.393538365748022,0.6572234422673247,486368.3880638116
2018-08-31,Health Insurance,2018,8,9511.010754681805,378961.63184219087,978,0.8622080495786473,9.863725624862283,2.384867123405112,0.48317727907616126,261415.16353116848
2018-08-31,Life Insurance,2018,8,5777.035092420532,267156.24592272297,456,0.5081029500202046,7.788234337138727,3.8268206480308837,0.42681419380891467,309022.19093791064
2018-08-31,Motor Vehicle Insurance,2018,8,6355.188400481013,726185.9125516991,743,0.9332646606833117,4.5387568092513,0.8570117996241364,0.6719616938716471,122121.84244021612
2018-08-31,Home Insurance,2018,8,4539.610667585366,500916.9777279831,800,0.8270019464316454,6.31574050595174,2.487600235090249,0.7436615212076443,244331.55212786788
2018-09-30,Health Insurance,2018,9,3002.786639810839,90235.75374857146,161,0.6371379929237599,6.949128288225882,2.206927549193193,0.6355306169149038,217428.9985193693
2018-09-30,Life Insurance,2018,9,3353.778999162168,227981.36993031323,784,0.8732275991864811,1.7061023468541157,3.0248623836786153,0.5020476813938406,42073.44179098195
2018-09-30,Motor Vehicle Insurance,2018,9,6757.93271516268,686426.1760229999,460,0.6266845392867184,5.900472631934786,4.997832745927149,0.6999348895118658,57549.37500599628
2018-09-30,Home Insurance,2018,9,7548.507841433032,85369.55089539719,550,0.8927392278047576,7.383887456253486,3.870299581002031,0.436047576974321,419548.8972112934
2018-10-31,Health Insurance,2018,10,7936.6325328859,852694.844908281,500,0.5506611756853717,2.505891736009543,2.0495419447853935,0.5988251671608795,123710.87634226217
2018-10-31,Life Insurance,2018,10,7917.219613666083,500195.0617438346,738,0.816658689857358,8.025685456830015,4.15500995614283,0.4735150412792891,101504.34439182212
2018-10-31,Motor Vehicle Insurance,2018,10,1002.9404201820346,485780.7115533815,509,0.7433143144902097,6.253955024627005,0.9364709802311529,0.48300657297694755,254931.16836881894
2018-10-31,Home Insurance,2018,10,4994.761016555556,596483.7068129224,654,0.5434405115879484,9.569996071278352,0.24927206291390464,0.4910322771211917,385529.8300244439
2018-11-30,Health Insurance,2018,11,669.8317241647784,826434.1562658977,804,0.6088522227164775,1.3818006838620254,1.101797025074938,0.5740181756697901,35663.526696599016
2018-11-30,Life Insurance,2018,11,5540.335935004981,354331.1158231711,481,0.5055818163247916,3.3879352379992027,1.7680166249598726,0.423017592529179,290519.92022093665
2018-11-30,Motor Vehicle Insurance,2018,11,4471.151963596432,681235.9910334729,663,0.7109455844590276,6.413984913698417,2.6018457115518436,0.5790070484180943,64009.16920608381
2018-11-30,Home Insurance,2018,11,8888.271409307168,570074.6443558332,114,0.6355693673420002,3.669039209853376,3.1141327886518795,0.6302683512016154,23048.220158681135
2018-12-31,Health Insurance,2018,12,3574.058624265579,274357.9874677271,749,0.7692608679339914,7.42981747664118,4.561968014350667,0.6174824282348463,31108.25632029761
2018-12-31,Life Insurance,2018,12,1258.9634626332981,879843.6864916064,578,0.6337570134688777,7.831047542697379,2.598284646797243,0.5722528451813682,417911.23356317845
2018-12-31,Motor Vehicle Insurance,2018,12,1515.617652323075,799451.7613908588,361,0.6349636001781431,1.9226436765982702,2.556250658666074,0.7776159736318387,63396.37939589047
2018-12-31,Home Insurance,2018,12,7638.955254002975,661867.3163118412,341,0.8344369394292215,5.624690177860909,0.34619074813261247,0.46539701158922686,27349.925384084516
2019-01-31,Health Insurance,2019,1,6220.358826830984,852075.9118032994,770,0.521664276190259,5.580015000319503,0.27106660801549665,0.6275635347016183,221760.4441357416
2019-01-31,Life Insurance,2019,1,1101.1144936156234,868621.2589502044,987,0.9063027478363942,4.3235269319398695,2.8006838133902234,0.42791863763044946,422776.76861130225
2019-01-31,Motor Vehicle Insurance,2019,1,932.6573805384746,711279.3469478844,761,0.8835187434760317,9.396323763127048,2.2470752049168885,0.4320200554950594,134892.14636220445
2019-01-31,Home Insurance,2019,1,7039.594401445288,838643.1950800354,969,0.8005121074518828,8.44755687885899,4.211983935403463,0.6582396323546933,213747.7456753286
2019-02-28,Health Insurance,2019,2,820.3537630055159,700496.7470525908,449,0.7669497065483228,7.274884437186731,0.8873299650880414,0.6547082911995195,24761.653619056855
2019-02-28,Life Insurance,2019,2,8236.414586974526,683339.3640426974,843,0.9015361241628435,7.428939721614978,0.22236114437354304,0.7951150807800056,227293.86449676356
2019-02-28,Motor Vehicle Insurance,2019,2,7091.798048849312,622425.2644330325,835,0.5833985807879215,5.1554452943180715,2.300289962857617,0.651043154047033,290918.4749153812
2019-02-28,Home Insurance,2019,2,905.3529283548077,755189.4731620648,180,0.5355361229858728,9.288950689869182,1.2636449280860618,0.8319059591821826,287598.99160731165
2019-03-31,Health Insurance,2019,3,939.8933694433999,167019.05424014296,702,0.6077795764592921,7.251358845279569,0.3431104293603035,0.42191268177996843,169551.21262631076
2019-03-31,Life Insurance,2019,3,9867.731827161637,882062.0516069392,407,0.8575602254150856,7.560829554902348,3.650531605553382,0.4441034581513335,161188.92442825207
2019-03-31,Motor Vehicle Insurance,2019,3,3805.2808779855914,873125.0924677796,666,0.5156016200269175,8.755218134086107,0.6468056997905126,0.41982963770667164,57778.691373615955
2019-03-31,Home Insurance,2019,3,3769.3572559622203,38954.81020421356,196,0.7622630757875704,3.4666443040797192,3.0807655500380817,0.48337458265009303,186565.16871990284
2019-04-30,Health Insurance,2019,4,8146.7157158492755,827558.583059115,466,0.9479468822860895,8.263638134800328,1.477143775817757,0.6435715499237551,54249.861092117506
2019-04-30,Life Insurance,2019,4,9477.760916100202,137581.16879871074,311,0.8850632422268927,2.7571654266084282,0.950130646739608,0.6905074816423427,384464.99263246555
2019-04-30,Motor Vehicle Insurance,2019,4,9861.410531846423,341767.6657165505,262,0.7346505600696153,4.1080775702039904,1.9607824623046557,0.420513321076901,483305.777385352
2019-04-30,Home Insurance,2019,4,7558.444034063522,746073.1737286916,419,0.5286384091789891,4.020494088428585,4.027084303492473,0.8256869004305196,485186.8560500199
2019-05-31,Health Insurance,2019,5,3824.969896756066,169152.29708782514,406,0.8741180814735694,9.806729215502266,2.021258526832406,0.7789744194926714,433210.1941908199
2019-05-31,Life Insurance,2019,5,926.6570953168208,819787.3538778715,939,0.7695403286797446,8.708835013731342,3.778771281134173,0.5334756169706919,302392.11392311146
2019-05-31,Motor Vehicle Insurance,2019,5,7793.754467681624,833812.8361781645,143,0.5517198486768051,7.310528754312338,0.7148828543158384,0.4347343886019106,351928.52013572055
2019-05-31,Home Insurance,2019,5,5628.20207238447,512393.0564232278,342,0.5422357781705103,7.5435108545385114,3.886579956358888,0.4764491829485758,146176.87232680497
2019-06-30,Health Insurance,2019,6,4299.797891545065,16322.012999665243,316,0.9093320687464665,6.05865514962314,1.2609732920425785,0.45712498618973774,317231.3579854472
2019-06-30,Life Insurance,2019,6,9072.908412437886,294167.7518431636,101,0.8011401183221353,9.523816003976671,3.419226336455477,0.4554777006845261,230546.52697273935
2019-06-30,Motor Vehicle Insurance,2019,6,1200.8550748308983,620757.6491919848,244,0.87317905969254,5.466328775941254,2.872329618720882,0.6333527598995803,243598.58318958158
2019-06-30,Home Insurance,2019,6,4976.988532479506,981374.3162471493,490,0.8955405051270202,4.424659388829051,4.652809114337268,0.5106313491220301,380099.39738570317
2019-07-31,Health Insurance,2019,7,212.40108319744877,635495.3917465017,12,0.757297558421745,2.467318032384319,1.9978803380790389,0.561162872438115,144549.58602063957
2019-07-31,Life Insurance,2019,7,4739.74035574185,267205.54525351815,239,0.7328508582897686,8.075850870349523,0.42420942528875827,0.845277400022945,162429.60778878734
2019-07-31,Motor Vehicle Insurance,2019,7,657.4024292501898,637665.6460686153,561,0.6936923346444456,7.609995388680323,0.19386187920113923,0.7079414120164051,462697.68660867517
2019-07-31,Home Insurance,2019,7,1276.297371053912,544585.5259186969,42,0.6426259645060036,4.459195346717214,4.15160694876649,0.8270413001711505,32831.02595123126
2019-08-31,Health Insurance,2019,8,1263.5098430933383,782046.9411996321,678,0.6955681823864203,1.2267407256330642,2.671204624541018,0.46415044976490205,245388.97771460348
2019-08-31,Life Insurance,2019,8,6527.18199094903,115910.83243868883,594,0.8482458450785704,8.550975949462096,3.898695853991252,0.5719627636746561,456836.39620189153
2019-08-31,Motor Vehicle Insurance,2019,8,7485.8443047276905,763417.6234770077,429,0.7708655439568092,1.1027618510866626,1.2486854400564222,0.6496293114770595,307129.68886998773
2019-08-31,Home Insurance,2019,8,5875.35077446188,545853.9128893492,803,0.9016354804796807,7.333298016661459,1.7909103530148456,0.43454112784993215,275471.50173500535
2019-09-30,Health Insurance,2019,9,9625.508229897965,963362.0838204047,158,0.6995210064706344,9.732313987534514,0.2475089738354628,0.4018843496325811,128623.36871853084
2019-09-30,Life Insurance,2019,9,3811.21873728467,348453.44437829923,216,0.7731903104234392,4.938951953333831,4.81131239041315,0.7016954502086129,174921.36708690188
2019-09-30,Motor Vehicle Insurance,2019,9,2928.5496541904213,636295.6742026086,670,0.7840883988913949,3.114760644963575,3.372552742833986,0.6888187825606459,426763.965823323
2019-09-30,Home Insurance,2019,9,8699.131369075656,932707.8244549173,462,0.7662637230378464,7.343839090390436,4.6727049300206005,0.5848549644998253,281812.9752253868
2019-10-31,Health Insurance,2019,10,2313.5988013425813,111484.63071077246,134,0.8161851978884823,8.354153278140267,1.4009323964024545,0.6203398342144146,259797.38590960603
2019-10-31,Life Insurance,2019,10,9635.903140462053,937856.2023640866,67,0.6068450607686628,5.917872844700626,3.0961716950057383,0.5869493502664404,54291.958202314316
2019-10-31,Motor Vehicle Insurance,2019,10,220.3292994291818,691006.8650778052,848,0.7305636998956058,9.703317477305315,3.4246498446339255,0.4108022701802,12933.937445285945
2019-10-31,Home Insurance,2019,10,9701.800384405626,77158.68851412018,7,0.5469011612637564,1.46501849492165,1.6559935312621836,0.550917222797858,482024.1684000893
2019-11-30,Health Insurance,2019,11,527.2831283107035,307953.9312773481,948,0.6730300974401656,5.543160384740753,4.255735251576588,0.4796870149287804,191608.15280698662
2019-11-30,Life Insurance,2019,11,8922.316825610904,711090.3677588288,526,0.719450180879569,7.466085525902951,4.741091168211215,0.44429088509561593,303590.46573925467
2019-11-30,Motor Vehicle Insurance,2019,11,5324.240979954368,76677.09545408397,73,0.7935009167954625,8.76376424034261,4.435790076710421,0.8305241952502074,44458.96122770607
2019-11-30,Home Insurance,2019,11,9930.351481581074,586348.7555745105,399,0.9277389736637915,2.6133005071701105,3.7214281821029256,0.6697118762689745,343141.57143290807
2019-12-31,Health Insurance,2019,12,830.5859908804488,352424.22638342716,405,0.7702929799467602,8.200031335873133,1.459576930652275,0.7278953279064713,466620.52080945065
2019-12-31,Life Insurance,2019,12,5583.157415573076,624706.3625898024,675,0.8346172622794519,5.974363681466907,1.4799186063175958,0.5419136844697529,289954.3002337227
2019-12-31,Motor Vehicle Insurance,2019,12,9696.09510262908,55284.61347438772,578,0.7278197267728412,4.568983137909669,4.820465570185585,0.5769162082723068,67427.08457582822
2019-12-31,Home Insurance,2019,12,5278.668657284474,872821.4380908525,859,0.785346814119349,2.185435257211842,0.15039403008489094,0.5066157972535256,292952.156099371
2020-01-31,Health Insurance,2020,1,6331.046517539099,973754.0794856229,130,0.531919497260198,8.787661830180213,3.6086448688865085,0.4436345519344411,384341.87048680295
2020-01-31,Life Insurance,2020,1,6987.91202094771,969189.0767328346,931,0.6144762113788311,2.415458873617438,3.560606196520785,0.48056423684871274,206176.18560413923
2020-01-31,Motor Vehicle Insurance,2020,1,4599.956541200955,752155.3134254955,466,0.6628338919423125,3.7880907328818934,3.1511787506540077,0.7588813203834186,440519.6852310266
2020-01-31,Home Insurance,2020,1,6312.824992832228,138785.37772932564,206,0.7126220097529311,3.610409787661932,4.951533345825642,0.704895612332699,326098.0619118954
2020-02-29,Health Insurance,2020,2,5884.711688038692,760680.5639697324,788,0.5205419354760726,8.842726307717689,1.628209235242254,0.6461179941934646,450128.21455315524
2020-02-29,Life Insurance,2020,2,9021.46430386079,34341.047294213495,978,0.5630108438989929,7.054326947880082,1.7658621325869162,0.6137904427900456,313635.1290674319
2020-02-29,Motor Vehicle Insurance,2020,2,549.9191653804329,31902.31601370728,768,0.6245664385060876,8.170132574722352,0.4868030744381222,0.815095427645256,69987.54614238799
2020-02-29,Home Insurance,2020,2,2881.53557696308,330374.1169580458,266,0.9371897109054728,3.254211089132491,2.2697108690643137,0.4327307265004008,158297.3969970686
2020-03-31,Health Insurance,2020,3,9509.073692357932,493756.7585006191,537,0.6491061531963729,6.6238668964629905,1.379137778550756,0.5262703659570622,104888.49938496617
2020-03-31,Life Insurance,2020,3,8913.611460520071,772703.3436297153,962,0.7169184761504371,6.145713848293738,1.7825948406704568,0.5574720341068213,454869.11636984686
2020-03-31,Motor Vehicle Insurance,2020,3,4611.001852578558,686462.4228404402,793,0.5882439707322769,8.495473391094439,4.189401772252576,0.7520916154957545,381398.0333073039
2020-03-31,Home Insurance,2020,3,6239.312718235214,451443.67931298085,253,0.7748510319840958,9.154783544331345,4.683874116284729,0.8466315790728871,339817.192610453
2020-04-30,Health Insurance,2020,4,2846.0737115132133,280890.3996188492,822,0.6263074469821884,1.1094109432964814,1.0100920528254096,0.5083017316407189,153978.32821765274
2020-04-30,Life Insurance,2020,4,1962.399481265237,997153.255156134,289,0.593146660297292,7.066179271529134,1.925293764611983,0.7934383003616863,96102.16216485569
2020-04-30,Motor Vehicle Insurance,2020,4,4690.614208905823,431919.4892136132,164,0.7324576828006906,1.4665221920775613,4.650289754365431,0.7737802421943061,379443.2885545113
2020-04-30,Home Insurance,2020,4,3598.187057457923,456873.15408637875,95,0.5024776096221893,5.939727985696203,0.4028614573771909,0.501095828938795,239708.18321014443
2020-05-31,Health Insurance,2020,5,5878.195507323633,171987.58297975248,782,0.5034488146921514,3.588694561393104,0.5525665877457547,0.5796996610896501,116765.82831456141
2020-05-31,Life Insurance,2020,5,869.5729059533498,796861.45326243,833,0.5985809640958359,3.760989395699271,0.897675847110524,0.5843527911816336,310227.8791918112
2020-05-31,Motor Vehicle Insurance,2020,5,9746.508595895048,696745.4035236738,110,0.5165246131253696,4.176626531071209,3.0165428872216866,0.8401993008369513,24965.256808533726
2020-05-31,Home Insurance,2020,5,9863.486370348068,228561.91666087278,336,0.5486115893588112,6.591632041446491,0.8373141279293876,0.48140135562050423,166454.2757934855
2020-06-30,Health Insurance,2020,6,7011.800968795477,91557.23515968426,822,0.6524872922024382,4.006449691018923,4.843574269108594,0.7596210869971519,236935.71232261165
2020-06-30,Life Insurance,2020,6,5407.354026806792,683694.309053966,238,0.8611635558109157,7.594291455312524,2.28890118356675,0.5503867213778995,78239.3753841559
2020-06-30,Motor Vehicle Insurance,2020,6,3164.3234012346447,657966.1021383238,381,0.7574218895161853,4.640746470164827,2.5574380057158157,0.7288916555992722,492403.9664074656
2020-06-30,Home Insurance,2020,6,8156.5706950987915,280526.93172822724,436,0.7307004766803874,1.6151788027896274,1.308627217446492,0.5890049519330482,108503.19547185906
2020-07-31,Health Insurance,2020,7,6878.838608283405,951354.9266279063,899,0.6320699704436548,8.053838582356965,2.4077052369301946,0.660261893402443,69524.79937141645
2020-07-31,Life Insurance,2020,7,1709.907699514424,159547.31286309124,483,0.9192891737447673,3.571824921334354,3.343376799921357,0.774675297996759,105749.76257401372
2020-07-31,Motor Vehicle Insurance,2020,7,9118.17912648904,438011.4530321759,937,0.6786567685567362,4.894901916393364,3.78076797107481,0.7618745042427478,385685.2609140635
2020-07-31,Home Insurance,2020,7,8243.118704939374,944179.7609659228,902,0.5391917450580972,7.168994948997113,3.793953605278574,0.7898904325928651,215625.3013395622
2020-08-31,Health Insurance,2020,8,9503.019141590048,425530.04375686107,25,0.7776799322530106,3.992105414338408,2.931666452201033,0.4268277964050966,284880.8901775063
2020-08-31,Life Insurance,2020,8,7284.623133044764,642140.6881874447,653,0.5512272770644706,1.5092709053204407,4.531362897469901,0.7114227488678851,15399.53270824857
2020-08-31,Motor Vehicle Insurance,2020,8,6172.810439764319,403618.4539831663,117,0.6553504142607615,4.365289423115322,4.105298451799936,0.4629943195247933,22043.497743790704
2020-08-31,Home Insurance,2020,8,4240.606059277126,281473.0503251833,482,0.7283353724230139,9.50003724424873,3.809535762023265,0.587118355608285,225683.647164373
2020-09-30,Health Insurance,2020,9,9334.011985204732,984137.8714802299,392,0.893400136108329,6.775609575687024,0.37246705623425713,0.6468647867746098,409244.34538480366
2020-09-30,Life Insurance,2020,9,8674.032506054044,415240.6662518926,917,0.7220959611530534,7.043312338004863,0.13370201487628164,0.5812327681360738,443193.2449602448
2020-09-30,Motor Vehicle Insurance,2020,9,547.6648340512752,895158.2116423431,994,0.8160164447142488,6.690539382738758,1.1409916582578177,0.6338252541113534,47919.750959841906
2020-09-30,Home Insurance,2020,9,361.03304752279485,237655.05983217532,964,0.9467675775495816,2.7909292506349312,3.3512656101759166,0.8484368389593786,271489.73554000625
2020-10-31,Health Insurance,2020,10,3826.987332092691,220973.65698483246,537,0.5591701039540917,4.765004776920521,2.1148676955244747,0.46084779117078467,457048.6947082389
2020-10-31,Life Insurance,2020,10,8124.477974740145,40822.74205566625,79,0.6236291864837837,7.758458185269864,2.0717906705666276,0.7039552204013915,197046.51342695375
2020-10-31,Motor Vehicle Insurance,2020,10,9874.03368021795,655150.1571221262,580,0.6775592340189409,1.9123560779784323,4.434475752325107,0.5782004348735268,415635.08655704244
2020-10-31,Home Insurance,2020,10,1589.127221924929,374841.0802865235,173,0.6898226803424741,3.5006749848074104,4.488257955846009,0.459854409508298,71179.34892772092
2020-11-30,Health Insurance,2020,11,5981.894081986138,865714.6673412407,956,0.6849594838694956,3.4868719761926825,4.55495879386257,0.4714315435184393,468020.2723855604
2020-11-30,Life Insurance,2020,11,3870.819480647113,478477.8076246416,12,0.9084249511504496,4.888170348350554,1.638002574923634,0.8271728978105276,376954.5421779948
2020-11-30,Motor Vehicle Insurance,2020,11,9702.152538364571,968511.4936355745,800,0.8213146900100854,9.823318668479665,3.486173482422383,0.7958206735202928,470960.52442951634
2020-11-30,Home Insurance,2020,11,8436.977339043517,193670.26054608994,128,0.7735573463408167,1.6075229201543975,1.4310025882444115,0.8081688821867599,339925.5306084907
2020-12-31,Health Insurance,2020,12,8399.454176640265,869936.9362760547,608,0.6392177230382519,5.668308949425355,1.033988182064804,0.8461897491223239,184884.94633971638
2020-12-31,Life Insurance,2020,12,4740.062281970206,778830.8842638243,92,0.8707056728995826,2.614282138109894,1.0046990410021093,0.4937419255038331,469399.6803997376
2020-12-31,Motor Vehicle Insurance,2020,12,4206.713073142885,773212.6261976114,653,0.929777230168245,9.736088908687698,1.776327342231611,0.5599477018138278,141405.55427304335
2020-12-31,Home Insurance,2020,12,2806.730012113992,846335.3958357188,543,0.8695392271476019,2.019731542547178,2.2067923369211266,0.70114856346619,169425.3984205576
2021-01-31,Health Insurance,2021,1,658.1174168441785,763413.7510335689,846,0.5007042973361628,4.632409021254321,4.171650938169835,0.6177111429372912,351900.16691086144
2021-01-31,Life Insurance,2021,1,8660.751524925026,629958.1184151012,532,0.7863806165825331,7.6409648635114555,0.6874663580162893,0.5882752900202501,383831.5682650662
2021-01-31,Motor Vehicle Insurance,2021,1,8147.719990387768,139932.4289055637,658,0.5230109216489454,7.340989852247008,3.701136652234982,0.5610150622010168,465054.72450533113
2021-01-31,Home Insurance,2021,1,9997.204965532694,42200.9176963394,989,0.6159232491501748,4.8045577320453905,2.7041290795275965,0.6672012843745535,106377.19248282371
2021-02-28,Health Insurance,2021,2,9966.704687031663,921639.36933753,828,0.5267861151564972,4.118717511574464,1.5109321791123633,0.6590170428880369,400009.0274335159
2021-02-28,Life Insurance,2021,2,5598.773885466012,620483.8113755307,447,0.7717079538272245,4.578511406975835,2.514815964210841,0.47265602532890805,370580.2964314969
2021-02-28,Motor Vehicle Insurance,2021,2,7712.975410287054,798571.9180664145,390,0.808965461071673,3.3784863684277537,1.5697161419074113,0.6122829268832976,36578.30534553094
2021-02-28,Home Insurance,2021,2,9453.180725836037,486707.12799742457,672,0.5515194371296573,2.847996448361198,3.0208015806676998,0.6490622992944325,196675.45489905245
2021-03-31,Health Insurance,2021,3,8511.509167706374,126135.10707277054,861,0.6727274973702407,5.34735727803001,2.225835221990697,0.6566291224291256,144968.9012447488
2021-03-31,Life Insurance,2021,3,2548.746207257657,133933.93428052493,43,0.7053064290299939,3.416803804608466,0.9055870924865058,0.4945482368105583,155722.76005524505
2021-03-31,Motor Vehicle Insurance,2021,3,4560.386939569926,688709.6343566816,254,0.6660738597924125,3.587154984075251,0.671257065322914,0.734022126513529,491558.7053795769
2021-03-31,Home Insurance,2021,3,1378.6782099998004,436002.8359504681,130,0.5544612502183368,6.910804571271013,2.778808842153438,0.41133959266948134,323174.81967256434
2021-04-30,Health Insurance,2021,4,9545.105169861352,208519.47943333336,60,0.6885265055843639,9.71683598529903,4.521823863101907,0.5596743349944232,360249.6981077823
2021-04-30,Life Insurance,2021,4,6101.1288810637125,496678.6012740225,663,0.8380301215137882,6.432734805034376,1.7853926641326594,0.7510956918410351,488425.7304709295
2021-04-30,Motor Vehicle Insurance,2021,4,2363.563774484281,73566.84770438274,467,0.531953449039965,1.6928152035846966,3.691700525390854,0.653751814474931,191714.88231653115
2021-04-30,Home Insurance,2021,4,6749.836775617981,586151.6878952548,287,0.5360810063368565,1.680252524686603,3.3274406392048586,0.5175230946298871,401910.8833841389
2021-05-31,Health Insurance,2021,5,6219.4695805331685,276303.4703907467,517,0.6596470813261929,9.562808987610094,4.664619080116457,0.7127289037043715,220092.8268357252
2021-05-31,Life Insurance,2021,5,3645.810908525121,799583.5096308163,467,0.9237765702285162,3.6756171127660027,4.12280698476579,0.655325924870233,435419.16754841496
2021-05-31,Motor Vehicle Insurance,2021,5,1224.2201627763272,317258.33933433803,930,0.8008576910253113,1.828602874742279,2.8763657686367687,0.7583096242553742,94425.48294909508
2021-05-31,Home Insurance,2021,5,6748.574636368716,460667.9475909832,778,0.8054014805026541,6.391401284353434,3.319449441347126,0.7307613337854205,474104.6576468184
2021-06-30,Health Insurance,2021,6,5251.046238947553,21504.33450901963,345,0.6628639958770393,6.612839004612395,4.50209368626177,0.6745485649163057,113291.99566338543
2021-06-30,Life Insurance,2021,6,7745.95207818283,81722.41891661329,642,0.7671473560438422,6.836543381068194,2.0576420444759806,0.6196799538898663,166479.1509555611
2021-06-30,Motor Vehicle Insurance,2021,6,5249.618661008734,398568.620842618,382,0.5045590328124845,3.4066182507178717,1.7012940587031093,0.45993195655038555,379315.15588285634
2021-06-30,Home Insurance,2021,6,8536.596853153547,485139.4463699523,779,0.786243220884294,1.1359961579302753,0.15297430981246207,0.5175998580484227,199908.7950748763
2021-07-31,Health Insurance,2021,7,5563.877703867407,604020.3426381106,690,0.9109791264093066,9.685138325090247,4.1501002635381745,0.5885947628126884,306064.6314993911
2021-07-31,Life Insurance,2021,7,5653.285918200324,298745.9529222102,253,0.7756580607551686,3.2580374112199224,4.024805431976488,0.6696846791528749,225063.8830293671
2021-07-31,Motor Vehicle Insurance,2021,7,8778.870666317616,698032.0672652771,927,0.8931643670598552,7.084236592472927,0.6118271386907418,0.6311685348468872,372473.118859442
2021-07-31,Home Insurance,2021,7,4094.4803755027306,861521.1732173125,56,0.8257878749597423,7.3596688289083865,2.9266011675502317,0.5296830366817883,118023.96992246238
2021-08-31,Health Insurance,2021,8,1426.7507616613432,782052.4790044163,463,0.5542512873816606,6.490066753715372,2.3735103210177484,0.40290896100536977,33936.70368225412
2021-08-31,Life Insurance,2021,8,384.94849550205583,49222.63709487357,457,0.9061039882786288,3.816166547922834,0.6816745679946462,0.6233076498553662,153465.0517491678
2021-08-31,Motor Vehicle Insurance,2021,8,7575.858831168828,485701.87778525066,983,0.5298997299600987,3.439866283876592,4.904784312597545,0.5285316948530094,239782.78910987297
2021-08-31,Home Insurance,2021,8,6241.0645583993,113880.87663399312,83,0.7402853626464937,6.379014544324328,1.1520098485704418,0.7305737353197408,88169.92583537589
2021-09-30,Health Insurance,2021,9,7070.389704182313,249624.5657039022,905,0.563961705707056,8.794860702505224,0.42944748244374964,0.4107758193717176,180624.6583799124
2021-09-30,Life Insurance,2021,9,2208.345198938216,986795.967334475,99,0.5052679748289068,9.52060356031056,3.0147521595593574,0.6631725150876059,202991.5940553164
2021-09-30,Motor Vehicle Insurance,2021,9,1450.0776083090207,151070.5874724981,149,0.6899154170574375,1.9531522396338188,3.7204467179518605,0.8236634068777294,33408.96262569541
2021-09-30,Home Insurance,2021,9,243.9921901120311,503899.2719168425,329,0.6327683184443703,2.3934575133794787,0.2589728856312161,0.4784841702001748,293737.0878511812
2021-10-31,Health Insurance,2021,10,3570.81683218531,621974.1769749379,156,0.7187002222089214,9.502626329047716,3.327716429762409,0.6122422708377679,442749.99684578733
2021-10-31,Life Insurance,2021,10,5940.185099860868,705440.3208386629,190,0.7597399490305479,7.628817055013133,2.708230192162127,0.4411398963177122,80112.74191176095
2021-10-31,Motor Vehicle Insurance,2021,10,3983.21604648735,564052.196652045,494,0.5196825825390263,8.946944423467958,0.6059985434877373,0.6815568605176087,300914.9666337494
2021-10-31,Home Insurance,2021,10,4431.0017280349175,19673.13894499182,883,0.5553514828056856,2.8236937072180885,0.9453669970371742,0.6477392562683015,334045.9064308689
2021-11-30,Health Insurance,2021,11,9051.17107548811,333196.695161552,263,0.7513890784026913,6.288272839984617,2.8830740568487947,0.5833144858957746,212570.66680754774
2021-11-30,Life Insurance,2021,11,3547.7291235306734,522534.5269508643,80,0.6544253089276961,7.310256349757263,1.5521523062151132,0.6346196596631836,352043.30574531364
2021-11-30,Motor Vehicle Insurance,2021,11,5188.495942682127,96987.83415338502,400,0.8281280693972516,7.121006969022754,4.697747070391449,0.8034585963110545,208312.11402805097
2021-11-30,Home Insurance,2021,11,7858.164826137317,357120.6618970889,764,0.7935312418663728,4.673365217800283,4.111827124471849,0.48833243603998017,254795.45754883028
2021-12-31,Health Insurance,2021,12,4025.7735449805746,42871.0777034529,609,0.880521963345458,1.1385540252217763,4.919479311916949,0.41015403026740627,8639.757054441354
2021-12-31,Life Insurance,2021,12,6258.658332255947,87792.71218347053,260,0.8116217720011514,6.246334511238368,1.3723871108570287,0.7877491981145954,347401.45649667096
2021-12-31,Motor Vehicle Insurance,2021,12,8637.400716592778,402954.0434395801,772,0.6934689848255666,3.2779138526164786,4.851645800710087,0.6597026870745579,332364.6260776386
2021-12-31,Home Insurance,2021,12,9500.254174210657,141388.59650262975,615,0.8028349800774945,5.052288215286013,2.213045961978634,0.800796304957829,24008.43427654056
2022-01-31,Health Insurance,2022,1,1556.0274611974755,571865.4397789426,552,0.6239215284149383,9.618229135754357,1.802842097037398,0.6686253505359276,187283.80316059088
2022-01-31,Life Insurance,2022,1,9273.217489098795,692570.319445893,785,0.6378410744501957,4.591317858781912,0.3467126821498309,0.764572490481866,489620.7611918754
2022-01-31,Motor Vehicle Insurance,2022,1,4971.951301487428,802580.832117992,101,0.855043321964357,8.55821445997984,0.3585497635120529,0.5933530135098166,213264.59847146532
2022-01-31,Home Insurance,2022,1,2656.6194441596876,208148.741802362,359,0.700888782380712,2.6968654517432604,3.4908551541386084,0.7374369690797209,253462.97554026166
2022-02-28,Health Insurance,2022,2,4645.443986758787,175807.75643647905,380,0.8592711532332586,7.052144482225259,2.343852072726737,0.8108686601004351,455415.4282890607
2022-02-28,Life Insurance,2022,2,9802.322495326223,113522.16193105625,820,0.8700900681507253,9.793062589950491,1.209955967576918,0.6574553336749929,360044.6285535494
2022-02-28,Motor Vehicle Insurance,2022,2,4976.919130529409,640065.9470482003,221,0.8859030519475777,1.917037907856431,3.1084545009936404,0.4813533177530708,293124.71490649064
2022-02-28,Home Insurance,2022,2,3354.6409418463313,709410.9692220321,820,0.9124858561285433,1.074879480044728,1.3390047794255449,0.5209589267635892,399913.3172638309
2022-03-31,Health Insurance,2022,3,6370.668457735585,41270.28337738562,420,0.6939433492309833,4.902245133693529,2.930395596287671,0.48939005960383264,432861.30189570674
2022-03-31,Life Insurance,2022,3,2477.4416259041113,936850.1237812529,124,0.6434900682445125,1.8336293474623049,1.860122860215183,0.5110856624180798,231159.5955099471
2022-03-31,Motor Vehicle Insurance,2022,3,851.0469482757728,61451.57081495769,422,0.7619894359673511,7.7354591470860825,4.135405910397913,0.5378869522079663,240178.6406412585
2022-03-31,Home Insurance,2022,3,1375.9092469154273,545883.3719480598,231,0.6670275905469324,9.23093797463703,4.121411187757219,0.6498102040389349,196095.2131476587
2022-04-30,Health Insurance,2022,4,1367.6538056819472,711969.9142564073,690,0.7704833750601048,4.90618875437883,2.4390169507997665,0.6645962332587247,483519.53930913797
2022-04-30,Life Insurance,2022,4,1603.836665771714,872259.4325086247,63,0.817513638189721,3.3284047793989684,1.8190136357415767,0.5919248862588375,350097.29587372346
2022-04-30,Motor Vehicle Insurance,2022,4,1474.3890092291604,716946.0628111035,485,0.8097822583214616,4.909629871059488,1.8765430031395633,0.676939350919376,46195.41777299579
2022-04-30,Home Insurance,2022,4,6444.659973551825,803710.8022390939,628,0.6685487991590546,7.511030360650009,4.048001175774268,0.43670871652511467,432165.01353994414
2022-05-31,Health Insurance,2022,5,1900.6128355515339,346055.690617378,703,0.5750870907644388,1.0814874542233388,1.708079465708299,0.43950470667617203,242877.17071395268
2022-05-31,Life Insurance,2022,5,3522.106104906246,816676.8626090471,574,0.6937382023079934,6.305085905362275,1.1243909311635456,0.4773232571609463,39033.183679131296
2022-05-31,Motor Vehicle Insurance,2022,5,8978.205258069516,89313.69792082839,768,0.5641673648368589,6.519625163986412,0.5149728751890035,0.6331348741181552,277110.04130583897
2022-05-31,Home Insurance,2022,5,4792.220238602436,895868.4894999224,483,0.9005436658327137,6.73919422206342,2.3867962923336012,0.4962976054142411,211496.31809297253
2022-06-30,Health Insurance,2022,6,6708.821611358169,552116.4523921988,519,0.6556448573320358,3.178198719827895,2.4624472847072254,0.5274779815716598,439485.95540699933
2022-06-30,Life Insurance,2022,6,1805.9667248961355,819124.7922628687,155,0.5695068862504957,7.426474510403141,4.220452680974245,0.5801407762778473,105977.32878664674
2022-06-30,Motor Vehicle Insurance,2022,6,2003.6612862058407,457795.10167311714,92,0.5114514919575879,1.8225233769859877,1.1840696125857137,0.7653397558046708,414099.98169863055
2022-06-30,Home Insurance,2022,6,504.59930103814077,647141.9182445597,982,0.7906200738289179,2.7934330282012074,1.9668572409751597,0.4062379611607871,281055.9021367991
2022-07-31,Health Insurance,2022,7,1772.457124414429,531138.634326752,526,0.7866060428546344,8.897230419890338,4.061188120579086,0.69222046910648,32032.10009066718
2022-07-31,Life Insurance,2022,7,2858.04435641639,734273.6265377785,455,0.6532718749615812,7.648508356539097,4.13575569266997,0.7009944389683084,486063.42415611487
2022-07-31,Motor Vehicle Insurance,2022,7,1852.4037943397934,90813.68221028367,741,0.532270349981443,1.1237099861021074,1.9845942722959644,0.7593951011604865,258744.54583108396
2022-07-31,Home Insurance,2022,7,978.1550841948506,69748.56315065816,598,0.6843330027028544,3.235386343328202,2.3497077141047367,0.8197388225771409,148984.04284463334
2022-08-31,Health Insurance,2022,8,1294.295123895948,254632.20167004497,645,0.640047872778527,2.929658346938481,1.5861008651614865,0.40906203202718044,237356.38678468275
2022-08-31,Life Insurance,2022,8,4661.709803523985,167949.23331205646,510,0.8047042878807542,3.437256952332753,4.6695189042546295,0.4692026674809473,429639.60284115706
2022-08-31,Motor Vehicle Insurance,2022,8,2142.703812217346,873065.7309262797,183,0.7726006622537107,3.2280379325189776,0.6813544521337436,0.7987770823251968,155927.04657060644
2022-08-31,Home Insurance,2022,8,3706.271624375947,227021.84748446388,386,0.664067177688893,1.5627366616856118,4.675372172707203,0.6063333529841569,100374.81626091666
2022-09-30,Health Insurance,2022,9,5083.830981463083,976106.6032609399,574,0.5980516494147455,5.130464649371383,3.450945613993182,0.6540657875200586,68890.26723078632
2022-09-30,Life Insurance,2022,9,6934.908803430716,343526.8338533958,731,0.9446161847700163,7.594601273075487,2.704703548164983,0.6983622416754163,152440.40220315458
2022-09-30,Motor Vehicle Insurance,2022,9,489.19018442687945,190296.7365318123,405,0.7043007295382517,6.4605855224569275,0.2600293978440298,0.7055799720230368,391123.8030848215
2022-09-30,Home Insurance,2022,9,8014.162949199522,791801.5220710543,246,0.8097234061011067,7.055845017382718,2.430421339927841,0.8192831814924286,238455.05077165453
2022-10-31,Health Insurance,2022,10,6316.213855959987,662120.6977458673,742,0.5632488354102624,1.7303426068261523,2.0979657145133883,0.8486272378352513,117603.39382830229
2022-10-31,Life Insurance,2022,10,909.4144162938319,503213.7592886076,591,0.718515364846729,9.563416391591085,0.8899721786781005,0.7240708574189231,87261.57480682585
2022-10-31,Motor Vehicle Insurance,2022,10,8748.428378657094,559809.9154282549,661,0.5123915239412594,8.546426504587224,3.3164070571532194,0.5292495441423178,169701.09087263767
2022-10-31,Home Insurance,2022,10,9216.63676526495,722009.7604895412,650,0.7274548030597024,8.245812866460964,4.8586394461046005,0.7958885810324545,470262.5645784259
2022-11-30,Health Insurance,2022,11,704.6718025631511,236170.19391798574,471,0.933807833202966,8.406854245375907,2.8547251742161732,0.42214941154334273,174798.22273206207
2022-11-30,Life Insurance,2022,11,2841.088716657317,996370.5768961745,826,0.6728930208436101,9.394394573194852,3.602291054575335,0.5039863837935233,494121.4175975445
2022-11-30,Motor Vehicle Insurance,2022,11,8081.392669951307,975045.2305253153,888,0.5175482056587102,5.898285695023279,0.4354072175734822,0.8038235728586717,245189.0756038513
2022-11-30,Home Insurance,2022,11,7507.770934798218,653822.4294834675,423,0.5139301059137046,2.8025381608086333,2.1465682795032746,0.5152861814977098,93686.13955362469
2022-12-31,Health Insurance,2022,12,1926.7580916281356,207547.02641985368,901,0.6745940419760912,6.551052470672871,0.6701565773060298,0.4992929768297868,446114.3454377871
2022-12-31,Life Insurance,2022,12,2172.558301033432,683425.9600069784,65,0.5720112214084373,7.685933443011451,3.102699594128901,0.46215638191311126,232875.90970173932
2022-12-31,Motor Vehicle Insurance,2022,12,3767.6738176346817,81476.42488938408,13,0.5105084433476836,7.6412565401862285,4.698562575249357,0.7866002909411124,356287.3150347396
2022-12-31,Home Insurance,2022,12,4896.777553391111,40345.97718374801,213,0.8402961262775795,5.693041217501921,3.342710889111029,0.625026216635989,491937.2336885301
2023-01-31,Health Insurance,2023,1,6220.72223814993,265106.0596261015,986,0.7063353539968508,1.6161284740022026,0.4763349367406655,0.7037019413743697,29836.79840838713
2023-01-31,Life Insurance,2023,1,3752.245031740747,467996.72717192315,242,0.6301601473876945,4.34001644587115,1.8378644044269061,0.5075798728337634,52863.80709484573
2023-01-31,Motor Vehicle Insurance,2023,1,4679.093689718165,869589.7803542967,493,0.9050374323574163,9.286899476170216,2.7982505592601727,0.7411181894550474,361626.0870240643
2023-01-31,Home Insurance,2023,1,7499.962287524189,729897.379068645,213,0.5522625320902366,6.260040187816834,2.075718005052936,0.7420024952329443,144503.37663125864
2023-02-28,Health Insurance,2023,2,463.1637086169192,745279.4559879813,693,0.9301634730298936,5.84498748930142,4.184855651328345,0.5406691112087351,96229.19149029904
2023-02-28,Life Insurance,2023,2,2599.1257490058056,431238.4011035946,338,0.6412850228198088,3.419681629439742,4.091887923078947,0.5848071848546272,24484.1305107661
2023-02-28,Motor Vehicle Insurance,2023,2,7162.160900257069,352475.64262149326,997,0.8997816525389065,4.31604027924921,3.0979719985057854,0.4943606248435904,15814.122433169894
2023-02-28,Home Insurance,2023,2,8962.547693103274,377328.37535475666,173,0.7713242944157577,9.058114802378523,1.929943931150256,0.8394524604953069,388370.3735442965
2023-03-31,Health Insurance,2023,3,5165.6066769450945,987773.0680986972,672,0.8720183118836693,6.998167427741522,1.3511482314398964,0.6905211596762852,71544.54654792725
2023-03-31,Life Insurance,2023,3,5367.923504126625,49708.09949835765,164,0.9428059234447088,8.086483240770995,0.6187841592443336,0.8205447463219819,236521.7049057197
2023-03-31,Motor Vehicle Insurance,2023,3,1161.002912263783,868361.181161224,465,0.6297824470184356,5.089108807608897,1.838998649084115,0.5365234946331099,304918.9235138441
2023-03-31,Home Insurance,2023,3,4529.382431552201,582888.6544866695,995,0.9325109684334167,6.672224975105421,2.1245453343178258,0.7518509108486003,217034.1412815789
2023-04-30,Health Insurance,2023,4,5372.9109379047295,444229.2649976946,497,0.6752668527060891,3.2354524786888677,3.411532333009961,0.7446363897481338,18417.79290643539
2023-04-30,Life Insurance,2023,4,2500.4579859838236,728005.0838109851,700,0.673480357131615,7.349147472551376,3.3249831390581104,0.7112450433399438,392833.24378101487
2023-04-30,Motor Vehicle Insurance,2023,4,2765.5079863988717,491802.2520104558,395,0.6531741969145275,4.8484120033300355,0.4435298842421591,0.8345375388700602,10204.046148118476
2023-04-30,Home Insurance,2023,4,3835.1132147357644,874689.005700844,703,0.7436334233064134,4.98290963333271,2.0367706456126733,0.5770999012478419,382135.49771685456
2023-05-31,Health Insurance,2023,5,298.7048579994911,901694.8453711459,917,0.5693652694303192,6.843900921191935,0.9907164493650734,0.4588227956153908,447185.72442512074
2023-05-31,Life Insurance,2023,5,3288.583739273465,427503.71760472085,308,0.749170168411105,9.42652559322034,0.8683822560523479,0.7022689866598273,219255.7609233003
2023-05-31,Motor Vehicle Insurance,2023,5,2193.335269265792,284059.51926270104,768,0.7437671655845017,1.5760571194775883,4.153780533712505,0.7281894102147428,270093.5241834101
2023-05-31,Home Insurance,2023,5,3342.223786561355,596426.8253074286,183,0.8428558156721915,8.422689136123068,0.3053845619096619,0.6587772580564666,241106.7793457386
2023-06-30,Health Insurance,2023,6,1285.645105010587,913239.7121605241,629,0.8751424828719134,3.631447993709738,2.1539960919203947,0.49306805191002834,197658.26621860222
2023-06-30,Life Insurance,2023,6,8916.22007932496,218555.5671156099,794,0.6981986076405908,4.9952750905574,0.9241979132559391,0.6270051737512099,444275.1450083283
2023-06-30,Motor Vehicle Insurance,2023,6,5976.565290185082,626736.9177278479,510,0.6360499622081721,1.1972199589750807,4.408718056824522,0.5404853814561082,447497.0877816453
2023-06-30,Home Insurance,2023,6,6823.112959530447,635244.6178915953,708,0.6167007037926925,3.7094147005088174,2.8294985150476726,0.59235993767501,171229.1004975596
2023-07-31,Health Insurance,2023,7,7912.7952622126495,735781.8921911282,546,0.5875807265171924,5.523681183671174,1.2337651182465554,0.6903483591300987,309459.5282372755
2023-07-31,Life Insurance,2023,7,5034.577769397667,140252.0082759872,564,0.5259414119895612,1.505584696126951,2.5618937071152446,0.7353466342108755,463819.2432622027
2023-07-31,Motor Vehicle Insurance,2023,7,960.5108520654945,718666.7150352676,624,0.654101590475621,5.419861564448486,3.6842831625452677,0.5045011109056045,481218.956975969
2023-07-31,Home Insurance,2023,7,5417.354764003623,909942.1954589846,764,0.6216114614588525,9.343995659725845,4.794778243705226,0.582396412291129,256934.72500891352
2023-08-31,Health Insurance,2023,8,5909.727068406703,187886.27778153954,594,0.9348878236398832,1.948538962970247,1.180185420802553,0.5211227069462332,229148.27861574176
2023-08-31,Life Insurance,2023,8,7479.850794424867,245167.89167463887,744,0.7509689718125198,7.879966552679539,4.442290683433791,0.4893842262378411,142953.68638462026
2023-08-31,Motor Vehicle Insurance,2023,8,4373.429507673826,971681.1431012232,227,0.6562746675637283,4.687039480383934,4.6780901594207025,0.7525242489981272,479641.57722925296
2023-08-31,Home Insurance,2023,8,1363.0449976760813,189167.18318239486,745,0.7612104204471632,6.896563430719042,4.5904606682071245,0.8091637124966466,75693.08071406934
2023-09-30,Health Insurance,2023,9,2909.3814674073724,855841.2424358834,733,0.562638515605563,3.342129381867064,3.2135303486233586,0.5666044835580595,292015.64014362387
2023-09-30,Life Insurance,2023,9,3694.5147343464873,497355.07788355445,436,0.6998196871409913,2.4354303628722245,3.186121206730068,0.7380755159681951,144862.38242172624
2023-09-30,Motor Vehicle Insurance,2023,9,6494.580689182852,254758.76365914528,925,0.7818054446394787,2.444163528441038,2.075732102600732,0.803647880213985,143109.1037221593
2023-09-30,Home Insurance,2023,9,5750.705216222228,872042.4022597863,422,0.720004024306603,1.634427510788302,3.786749623288561,0.7807558947386042,205459.4507512133
2023-10-31,Health Insurance,2023,10,3625.3575863886776,450852.2024526388,554,0.680800460294446,2.670820344111187,2.7033406899195667,0.4822660248426517,499402.503228749
2023-10-31,Life Insurance,2023,10,9866.5009630505,519669.1803903933,21,0.9472317750048642,6.977974464900714,3.419446549018643,0.8303313466810125,32208.32188571192
2023-10-31,Motor Vehicle Insurance,2023,10,6097.170711633183,365641.03570576804,554,0.896141642967017,8.935215506591572,2.199443728859098,0.5695043981932582,291378.20001074806
2023-10-31,Home Insurance,2023,10,2448.545238186345,597021.3429205782,397,0.780532681171748,8.327131170320456,3.6843326738113817,0.5526582975282264,45873.2182274622
2023-11-30,Health Insurance,2023,11,1107.646478941997,171888.63385917255,625,0.7562198125320272,7.166208788870357,4.139910436262291,0.4280940972750012,81487.81084530689
2023-11-30,Life Insurance,2023,11,1613.305477924887,397170.7212852431,105,0.7792972159210628,1.9938867706999241,0.817537657353799,0.6187781443471974,222583.65617758484
2023-11-30,Motor Vehicle Insurance,2023,11,2534.9815110066306,969718.1991119346,192,0.590590448520095,3.6026870166635483,4.181355606313717,0.4490561270384179,257677.76501648844
2023-11-30,Home Insurance,2023,11,1690.7455952696012,265552.09837411623,17,0.6778119844689434,3.7882618779022206,2.7474530057725057,0.5118429194173417,133102.2421404394
2023-12-31,Health Insurance,2023,12,1947.0135381079272,660169.2978958793,120,0.5177567898009047,3.249612517578591,4.238862954542099,0.5426241797952767,161646.279782836
2023-12-31,Life Insurance,2023,12,2922.4421700690864,331938.1635824479,393,0.713995716869072,5.635050937387508,2.213378361070972,0.7639718455712579,48048.67502668686
2023-12-31,Motor Vehicle Insurance,2023,12,1816.3985934180728,775738.3944297347,425,0.7443610627809484,5.819984333917053,1.9572983783768718,0.7939698926781534,155093.793002904
2023-12-31,Home Insurance,2023,12,8977.97770380161,139564.92411116633,129,0.6024873812464443,4.211973776539992,4.58379758933439,0.5361098428576614,483446.4274933693
2024-01-31,Health Insurance,2024,1,894.3140820502579,970122.8346277593,130,0.9338129812244811,4.184102428627924,1.3307294109871666,0.7864141545600583,472630.1539278784
2024-01-31,Life Insurance,2024,1,5292.662756745522,459251.64596980286,572,0.9092545749217589,8.457000381154732,4.236640393902101,0.785753921816406,170764.75361780758
2024-01-31,Motor Vehicle Insurance,2024,1,4162.928587197649,243689.95871299933,560,0.8249644559551577,8.10363563487717,2.4717008052960803,0.7440929276731931,287572.698457987
2024-01-31,Home Insurance,2024,1,9825.548307395204,82761.77985671253,29,0.7400239829444131,3.770162485126711,2.619067668501173,0.4660128013068317,455249.7185999174
2024-02-29,Health Insurance,2024,2,1209.1851314637183,178060.32603666533,97,0.8914861218414583,9.224095994859333,1.6114945792984718,0.7106452811053281,8060.992207243854
2024-02-29,Life Insurance,2024,2,4038.7704305528423,524576.2090704575,10,0.5587935547205582,9.575335153022554,2.907906783033177,0.825260829061256,406288.367317108
2024-02-29,Motor Vehicle Insurance,2024,2,9697.757289426152,343633.14466697344,242,0.8557294074236982,3.9406828782703673,1.6935348617534356,0.7071432154452206,474442.9286305149
2024-02-29,Home Insurance,2024,2,8668.520546350404,830594.5322237833,826,0.5561693662850817,4.1898245391374935,0.29242012978409637,0.5492275820985253,50206.238495110745
2024-03-31,Health Insurance,2024,3,8189.013502397871,436578.64842518786,956,0.8573947981472324,5.550707380797629,1.4327931661873448,0.6252606928438741,84916.60458629591
2024-03-31,Life Insurance,2024,3,2653.2379877449043,256227.1298617536,232,0.6240954057131106,9.470087312803061,0.13125731269229435,0.6905762695079741,480569.41987182095
2024-03-31,Motor Vehicle Insurance,2024,3,1791.7871151616516,620973.5367379898,789,0.8946907614581849,8.886874898280805,4.8939384565785975,0.6297566839278266,271082.3711019714
2024-03-31,Home Insurance,2024,3,6719.567877251867,709709.4447165914,284,0.924818942221429,1.9231116632523082,4.832161328116762,0.45397882377893645,12027.334063503233
2024-04-30,Health Insurance,2024,4,9300.8222923631,175371.48882194035,715,0.566958186232302,4.534576689442746,2.036260957614295,0.5404288200934093,132527.83938794694
2024-04-30,Life Insurance,2024,4,5611.952640837905,175943.0241254345,759,0.708204022279427,5.9803407077479465,3.6690171862642655,0.7610782137491345,227722.1187630855
2024-04-30,Motor Vehicle Insurance,2024,4,5758.965625752008,46304.712664207545,802,0.9414443201732083,5.52819225296386,1.7944498822110826,0.7876381207429828,347989.91095726
2024-04-30,Home Insurance,2024,4,2871.7930272368135,739037.9949149841,776,0.717533346187916,2.7447676114320343,3.388356469721283,0.4617850147220066,367914.3871777158
2024-05-31,Health Insurance,2024,5,7717.980038600175,667166.482345587,955,0.8885963851315453,8.729350940513392,4.0466072109252975,0.828574038579426,497733.6488981008
2024-05-31,Life Insurance,2024,5,1951.7331107194814,479884.56699231575,726,0.7649291849590939,7.092467046971536,4.73910559899198,0.5479701780318742,147318.0436949607
2024-05-31,Motor Vehicle Insurance,2024,5,3304.4244404020124,845728.7444795051,200,0.6688984585638208,8.541175373666231,2.061040151663393,0.698041182428824,271418.9504248953
2024-05-31,Home Insurance,2024,5,4311.820742302526,807613.4514205527,945,0.6286025999866416,8.72887851414525,3.9381601164846343,0.7383213156805065,268995.1561905045
2024-06-30,Health Insurance,2024,6,5125.342748976104,589500.8207527846,79,0.5914503909887393,7.735202682991658,1.4030494080973823,0.7653758055870475,205794.40342638257
2024-06-30,Life Insurance,2024,6,2499.856350909294,869588.567708126,913,0.8428091861199637,4.9528954112474555,4.952628288588877,0.8255873660016686,88735.137451998
2024-06-30,Motor Vehicle Insurance,2024,6,1236.884564918115,213782.79793640057,956,0.6739432280703626,6.494920795138821,0.2262710339453206,0.5408137966129702,488840.9987760021
2024-06-30,Home Insurance,2024,6,6145.138420172163,120800.4232037506,855,0.730073957990338,2.4432886550776884,3.057291151855493,0.7863279045481995,427392.00739996013
2024-07-31,Health Insurance,2024,7,2957.442477078532,277052.1154018197,856,0.7215464660005318,7.062808757274169,3.331579310091503,0.4592591065462932,251674.8490056474
2024-07-31,Life Insurance,2024,7,5854.2583920838615,66515.98752842171,173,0.759775563154909,2.6132793016535265,3.4714232296632317,0.7172684078591167,303606.48422859475
2024-07-31,Motor Vehicle Insurance,2024,7,1628.1908812146028,535857.8327210217,467,0.8895097155310485,7.245546314591412,0.6898991360665362,0.7338899782812937,117494.22151203285
2024-07-31,Home Insurance,2024,7,4863.287008362693,937239.6353720119,581,0.9413327046125433,3.066383446785718,4.698795939018339,0.7049754585405942,274174.59984391474
2024-08-31,Health Insurance,2024,8,5372.6353822607,48950.10526182455,416,0.6834128938582176,2.0579617013519798,0.9877980673454058,0.5135416312608189,349010.21589513053
2024-08-31,Life Insurance,2024,8,613.0530145420264,130888.81486992653,940,0.8723835149478363,2.487560411286617,3.1514916758752216,0.7928694161568415,260007.67905136145
2024-08-31,Motor Vehicle Insurance,2024,8,3432.382354119814,457677.03800060094,449,0.8440375075946229,1.0179292169716323,1.1911127877031165,0.4759863085166778,495191.15943954594
2024-08-31,Home Insurance,2024,8,1430.705301695845,934536.2673526258,87,0.758088028155008,7.468656560681772,1.6053604434042277,0.4241356561843739,307614.11984262447
2024-09-30,Health Insurance,2024,9,727.4122076804007,322994.543926983,101,0.9302212146253699,7.591609441525412,2.7776468544678097,0.7228592457753604,188631.98773312368
2024-09-30,Life Insurance,2024,9,9900.606300660458,512162.4606015085,8,0.5902135319877813,5.634400149219335,2.144247750966425,0.6139640718547301,387215.2536698399
2024-09-30,Motor Vehicle Insurance,2024,9,3291.3030652497573,51157.130459888176,845,0.5491688946393296,2.4522652094984534,0.8851054447848808,0.7820941089814042,89378.94323291282
2024-09-30,Home Insurance,2024,9,8117.757013960885,156859.76895246797,200,0.8842828851299399,1.7519890375962077,0.9375883718621566,0.5725287134762165,195335.32778460192
2024-10-31,Health Insurance,2024,10,2620.942482161262,986763.8217292584,505,0.6976174174851867,1.172160697935583,2.1489094619977185,0.4757253648284708,176744.68043690498
2024-10-31,Life Insurance,2024,10,6846.8769500169,965467.509471685,87,0.8811359843931772,2.4917335926869866,3.810686593549954,0.7763989866114414,218744.51207834974
2024-10-31,Motor Vehicle Insurance,2024,10,7626.255812907897,14890.58112506552,43,0.9018905923379367,9.01769981484832,4.500026769554164,0.6470093342380323,391981.01383471955
2024-10-31,Home Insurance,2024,10,5996.823532017658,952293.6675690066,385,0.5281059171285821,3.173831575315136,0.512225545070976,0.4851381065756597,244665.6509208867
2024-11-30,Health Insurance,2024,11,4768.604266646568,642728.7384373454,621,0.8975591433437273,4.188441944954941,2.0262091470410653,0.7241727993639006,398037.15288165153
2024-11-30,Life Insurance,2024,11,4177.2250500579585,869239.1115748219,435,0.70174357491624,1.9481093603319986,0.5912032622420955,0.6300011373202752,290362.00705423363
2024-11-30,Motor Vehicle Insurance,2024,11,3553.7958387756535,460192.4570775205,408,0.7296946200519044,3.0012517427335323,0.18130315509972963,0.6719408420081439,174324.3701554899
2024-11-30,Home Insurance,2024,11,9302.338528053477,520440.06829345773,483,0.7819666299919446,5.673021137021846,3.342421544955388,0.6074042521929619,405939.47812331887
